3075 5114
545 240 779 368 ἰωι
1216 290 2008 367 PRAEFATIO

594 495 905 573 consilio
959 522 1054 573 ex
1120 517 1334 600 parte
1406 518 1701 573 tantum
1753 493 2257 600 respondent?
2392 501 2684 575 Locum

596 637 800 709 enim
843 634 972 709 hic
1010 632 1241 709 habet
1277 634 1466 708 illud
1514 639 2095 712 Terentianum:
2171 635 2420 721 ,Hera
2475 663 2687 736 quae

592 795 715 842 res
755 774 841 841 in
871 769 973 869 se
1016 796 1275 870 neque
1313 769 1724 868 confilium
1765 776 2020 869 neque
2053 770 2385 841 modum
2416 771 2686 846 Habeo

593 904 896 987 vllam,
977 932 1167 979 eam
1217 907 1537 1004 consilio
1591 934 1867 1009 regere
1912 932 2079 981 non
2129 923 2380 1005 potes.

743 1045 832 1116 In
884 1039 1126 1142 prima
1182 1041 1554 1137 editione,
1649 1070 1860 1136 cum,
1961 1041 2173 1146 quod
2240 1039 2450 1142 supra
2506 1037 2685 1128 dixi,

594 1174 1010 1278 express'am
1057 1174 1205 1252 effe
1250 1177 1525 1253 vellem
1583 1179 1994 1257 lectionem
2022 1181 2682 1263 -Burmannianam,

590 1312 832 1390 multa
905 1337 1091 1387 mox
1157 1296 1477 1389 turbata
1520 1312 1668 1391 effe
1731 1316 1884 1390 vidi
1948 1334 2385 1417 propterea,
2472 1308 2684 1412 quod

594 1473 874 1550 operae
915 1473 1078 1523 non
1127 1474 1252 1545 ea,
1323 1448 1447 1524 sed
1496 1450 1643 1526 alia
1685 1450 2021 1526 editione
2064 1450 2163 1523 ad
2206 1450 2687 1521 Burmannia-

592 1610 772 1658 nam
817 1582 1256 1676 emendata,
1305 1580 1403 1657 vfi
1452 1607 1697 1678 erant3
1770 1592 2211 1661 innumerae
2249 1590 2509 1684 itaque
2553 1580 2683 1655 ab·

591 1724 1002 1796 errationes
1067 1718 1591 1797 emendandae
1649 1721 1863 1797 fuere
1921 1728 2002 1794 in
2060 1721 2295 1795 altera
2346 1718 2683 1794 editione

586 1861 924 1946 minore;
975 1875 1139 1927 tum
1178 1880 1354 1930 vero
1391 1858 1537 1932 neo
1580 1856 1732 1959 ipsa
1758 1861 2308 1933 Burmanniana
2345 1852 2678 1930 recenfio

586 1999 671 2065 in
714 1994 963 2092 operis
1012 2010 1279 2065 tenore
1318 1989 1483 2065 satis
1532 1989 1665 2066 fibi
1703 1989 2008 2067 constat.
2126 1996 2350 2067 Nunc
2388 1990 2536 2071 vidi
2579 1989 2681 2064 ad

424 2194 449 2213 ,
590 2147 834 2203 certas
879 2125 1174 2227 regulas
1222 2151 1386 2201 rem
1431 2125 1578 2201 ess'e
1614 2127 2248 2220 constituendam5
2291 2126 2677 2228 amplexus

486 2366 489 2373 ι
591 2270 852 2363 itaque
893 2261 976 2337 id
1022 2260 1213 2353 sum,
1296 2261 1508 2366 quod
1553 2263 2014 2365 probabilius
2062 2260 2209 2338 effe
2254 2262 2677 2337 videbatur:

588 2401 894 2475 Retinui
940 2401 1100 2477 ad,
1173 2404 1301 2479 in,
1377 2425 1568 2480 con,
1665 2400 2015 2501 adeoque
2071 2395 2308 2500 scripfi
2350 2398 2672 2497 adt-igi),

588 2534 925 2634 inrtfhe,
979 2539 1315 2635 inpune,
1373 2535 1845 2637 conplexum
1925 2534 2104 2610 dedi
2150 2561 2329 2610 vero
2363 2559 2673 2635 operam

588 2690 957 2775 quantum
995 2677 1249 2773 potui,
1343 2692 1424 2748 vt
1484 2670 1716 2746 lectio
1763 2670 1955 2746 haec
1999 2671 2275 2771 vbique
2323 2668 2457 2745 fibi
2492 2695 2675 2746 con-

587 2805 839 2898 staret;
924 2833 1235 2910 operam
1293 2807 1677 2883 molestiae
1736 2835 1846 2883 ao.
1874 2806 2101 2880 taedii
2150 2825 2302 2879 tam
2345 2805 2670 2906 plenam,

585 2964 662 3018 vt
692 2950 771 3022 in
802 2941 1187 3046 pistrinum
1218 2943 1395 3018 abdi
1422 2943 1715 3032 malim3
1771 2939 1900 3016 etfi
1931 2942 2049 3016 vel
2078 2938 2178 3018 fic
2207 2939 2369 3018 fieri
2398 2945 2669 3042 potuit,

585 3097 661 3152 vt
700 3077 1084 3151 interdum
1140 3104 1417 3177 operae
1456 3079 1938 3210 ‘aberrarent3
2033 3097 2111 3150 vt
2172 3077 2483 3179 colligit
2540 3076 2672 3154 ali-

560 3210 767 3287 ·cubi
807 3213 1154 3287 relictum
1201 3210 1347 3289 effe
1388 3219 1720 3291 memini.
1829 3213 2472 3314 Quandoquidem
2509 3216 2672 3286 auri

584 3347 871 3450 aliquid
917 3353 1002 3424 in
1044 3347 1159 3422 his
1205 3348 1692 3427 tribuendum
1738 3349 1883 3440 ess‘e
1914 3348 2339 3440 videbatur,
2395 3349 2673 3450 eligen-

511 3458 514 3462 ’
588 3482 925 3584 dumque
969 3482 1164 3558 adeo
1185 3538 1203 3574 ,
1295 3491 1591 3585 grauius
1644 3513 1733 3562 ac
1777 3485 2153 3564 sonantius
2198 3485 2408 3588 quod
2457 3482 2672 3559 effet:

583 3622 861 3693 retinui
901 3600 1374 3702 maxumus,
1444 3639 1853 3724 optumus,
1923 3649 2212 3724 quum,
2288 3624 2667 3699 coniunoe,

585 3757 955 3834 inmunis,
1010 3763 1477 3840 communis,
1531 3756 1839 3856 obser-o,
1887 3754 2196 3856 obfulfi,
2245 3780 2668 3856 opponere,

587 3889 1070 3990 opprimere,
1112 3889 1627 3990 submonere,
1658 3892 2064 3995 supplere,
2119 3896 2294 3996 quia
2318 3889 2672 3990 supplex

585 4024 1001 4103 tenendum
1049 4049 1228 4103 erat.
1336 3995 1637 4130 Reliqui
1680 4029 2112 4105 auctoribus
2162 4021 2483 4124 οἳμῶζειν,
2546 4024 2668 4095 la-

587 4163 997 4274 ειντήιανί..Η
1022 4166 1390 4268 proelia,
1453 4165 1808 4247 coelum,
1874 4160 2264 4264 maestum,
2314 4186 2661 4240 maereo,
