3075 5114
642 375 794 451 DE
853 373 1381 450 CARMINE
1458 376 2051 455 BVCOLICO
2304 405 2408 459 ιι.

303 569 623 639 tatione
663 562 979 643 liberet,
1031 560 1586 672 ‘bonaoutem
1638 570 1916 638 omnia
1958 565 2248 670 paffim
2289 577 2394 659 ,in

306 723 408 769 ea
455 692 706 766 obuia
755 710 834 764 et
882 696 1207 763 maiora
1258 691 1577 789 efficiat,
1649 710 1728 766 et
1772 697 1858 766 in
1901 721 2153 770 vnum
2209 725 2392 774 con-

296 798 530 926 gesta
583 827 706 893 ita
728 819 1113 920 fingendi
1153 817 1484 890 licentia
1528 839 1892 903 exornet,
1970 841 2063 894 vt
2120 838 2390 901 cum'u-
2439 912 2444 919 ‚

304 949 775 1051 latiffimam
796 946 1205 1043 felicitate
1239 951 1504 1019 vitam
1543 945 1966 1021 adumbret
1977 979 2009 1038 ,·
2076 963 2388 1052 partim

305 1082 423 1153 ad
476 1077 829 1177 fabulas
898 1078 1004 1149 de
1056 1080 1505 1175 primorum
1570 1077 1986 1149 hominum
2037 1086 2237 1155 mita
2306 1102 2387 1158 et

302 1222 581 1278 aetate
640 1229 938 1285 aurea,
1037 1229 1184 1276 nec
1241 1231 1405 1277 non
1468 1205 1588 1277 ad
1651 1209 2153 1282 narrationes
2203 1209 2386 1305 siue

298 1336 404 1409 de
449 1337 864 1403 maiorum
905 1334 1123 1410 vita,
1200 1348 1637 1431 antequam
1676 1359 1825 1433 per
1866 1337 2087 1405 vicos
2128 1352 2207 1406 et
2252 1362 2383 1408 vr·

289 1458 421 1534 bes
497 1457 1013 1537 habitarunt,
1084 1456 1264 1553 fiae
1346 1461 1451 1531 de
1513 1460 2004 1560 populorum
2080 1463 2385 1536 Noma-

287 1591 490 1663 dum
525 1583 1200 1687 pastoritiamque
1240 1590 1502 1658 vitam
1562 1593 1978 1687 agentium
2036 1589 2383 1666 moribus

166 1778 177 1789 l
285 1735 368 1792 et
419 1692 805 1814 institutisx
851 1714 1268 1814 confugiat
1333 1731 1411 1785 et
1468 1713 1656 1786 hinc
1701 1716 1863 1813 suo
1906 1737 2380 1816 argumento

287 1845 613 1920 colores
659 1858 909 1941 petat.

493 1975 697 2044 Iam
752 1995 915 2040 non
958 1992 1265 2069 magna
1329 1969 1624 2040 iudicii
1663 1965 2120 2066 subtilitate
2175 1978 2385 2048 indi·

283 2100 478 2206 gere
536 2099 871 2172 videtur
927 2120 1017 2170 ea
1069 2094 1398 2197 quaestio
1457 2097 1969 2190 diiudicanda,
2053 2126 2203 2202 qua
2253 2128 2382 2177 na·

266 2249 458 2311 „tura
504 2228 737 2300 huius
785 2230 1124 2299 carminis
1167 2224 1263 2298 ab
1314 2230 1767 2324 argumentis
1802 2225 2191 2327 piscatorii,
2260 2259 2384 2308 ve-

291 2360 594 2446 natorii,
648 2351 989 2444 mess'orii,
1055 2352 1598 2429 vindemiatorii
1653 2375 1730 2430 et
1787 2355 2031 2431 [imnis
2088 2365 2380 2460 generis

295 2486 541 2561 aliena
596 2479 744 2556 effe
803 2478 1270 2556 existimatur.
1384 2484 1771 2557 Carmina
1840 2490 2090 2557 etiam
2151 2489 2384 2562 huius

292 2615 760 2714 argumenti
804 2608 1000 2682 bene
1043 2614 1283 2684 condi
1313 2607 1534 2711 poffe
1583 2614 1757 2710 quis
1810 2617 2099 2712 neget?
2169 2618 2382 2689 Sane

292 2759 529 2816 erunt
594 2739 749 2810 illa
793 2736 951 2834 seu
1019 2743 1105 2810 in
1158 2739 1683 2839 descriptione
1748 2755 1826 2809 et
1879 2746 2378 2822 narratione,

267 2870 423 2968 seu
474 2873 564 2940 in
615 2871 936 2938 actione
984 2866 1267 2966 aliqua
1325 2893 1428 2940 ex
1475 2870 1702 2937 vitae
1761 2863 1975 2961 istius
2017 2870 2382 2967 partibus

292 3023 396 3070 ac
452 2991 881 3098 generibus
935 2993 1385 3068 exhibenda
1451 3010 1847 3092 occupata
1862 3023 1894 3084 ,·
1968 3021 2135 3067 non
2187 3023 2380 3074 vero

290 3131 378 3198 in
430 3130 671 3196 vitae
722 3118 1197 3221 pastoritiae
1246 3119 1787 3221 simplicitate.
1939 3125 2189 3224 Quod
2234 3151 2385 3224 per

271 3252 373 3352 se
412 3249 634 3344 nihi]
671 3247 936 3328 habet,
1000 3250 1224 3350 quod
1287 3248 1696 3347 improbes.
1813 3251 2097 3354 Quid?
2161 3254 2387 3352 quod

286 3379 700 3480 pastoricii
754 3381 1062 3475 generis
1119 3381 1486 3449 materies
1539 3383 1864 3451 omnino
1927 3376 2037 3476 est
2085 3406 2388 3479 parum

294 3508 652 3609 locuples
662 3534 694 3591 ;
779 3504 951 3604 ipsa
994 3509 1218 3576 vitae
1244 3502 1722 3605 simplicitas
1787 3523 1866 3578 et
1935 3508 2388 3609 tranquilli-

295 3653 418 3709 tas
479 3658 908 3735 perpauca
980 3652 1462 3733 argumenta
1531 3636 1834 3705 idonea
1883 3633 2384 3735 suppeditat,

298 3782 373 3835 et
440 3762 869 3836 tractandi
912 3757 1388 3859 fimplicitas
1448 3788 1614 3834 non
1677 3765 1937 3866 magis·
2000 3790 2392 3865 magnam

298 3892 720 3963 tractandi
794 3894 1277 3961 varietatem
1345 3890 1732 3962 admittit.
1838 3891 2117 3991 Neque
2177 3896 2389 3965 adeo

281 4017 478 4116 fieri
538 4013 838 4119 potfsts
939 4033 1031 4089 vt
1090 4025 1399 4120 magna
1459 4021 1696 4118 copia
1760 4015 2153 4091 bonorum
2221 4048 2395 4094 car-

301 4150 612 4219 minum
703 4144 1251 4218 bucolicorum
1342 4170 1706 4247 vnquam
1774 4144 2220 4246 speranda
2255 4146 2392 4244 fit.

302 4277 620 4378 Quidni
677 4280 927 4378 igitur
954 4277 957 4280 ’
982 4274 1225 4350 liceat
1274 4301 1833 4376 quamcunque
1889 4279 2222 4350 tandem
2271 4282 2395 4349 vi·

378 4396 444 4456 T
461 4416 585 4457 ox.
623 4397 674 4458 Ι.
1504 4396 1555 4454 Β
