3075 5114
614 366 754 468 178
803 405 816 416 ·

1001 351 1092 441 Ρ.
1128 349 1637 443 VIRG1L11
1698 357 2235 449 MARONJS

599 558 781 634 Siue
843 561 1055 631 or'am
1112 554 1388 651 Illyrici
1451 555 1637 658 legis
1695 559 2087 660 ae'quoris3
2176 586 2278 635 en
2346 565 2488 637 erit
2541 587 2692 639 vm.

1888 717 2121 795 quam

600 823 737 906 Ille
778 823 971 915 dies,
1046 822 1235 897 mihi
1289 849 1466 900 cum
1505 823 1733 900 liceat
1776 843 1906 899 tua
1946 826 2203 901 dicere
2244 825 2497 904 facta?

602 963 719 1034 En
762 964 938 1051 erit,
1005 976 1084 1033 vt
1116 958 1341 1034 liceat
1384 978 1633 1038 totum
1670 960 1857 1034 mihi
1900 957 2103 1036 ferre
2138 986 2279 1062 per
2323 963 2587 1040 orbem

601 1095 783 1171 Sola
823 1092 1256 1195 Sophocleo
1301 1112 1433 1168 tua
1472 1101 1804 1170 carmina
1845 1093 2073 1196 digna
2111 1081 2553 1175 cothurfi
2604 1127 2692 1176 ιο

600 1230 670 1304 Α
705 1246 783 1303 te
820 1233 1309 1332 principium3
1393 1226 1529 1302 tibi
1575 1227 1896 1320 definet3
1996 1225 2266 1331 adcipe
2321 1232 2519 1307 iuffis

608 1366 962 1440 Carmina
1010 1383 1284 1467 coepta
1329 1370 1511 1456 tuiS,
1614 1382 1845 1469 atque
1904 1361 2105 1440 hanc
2160 1362 2315 1444 fine
2358 1385 2698 1471 tempora

1856 1503 2144 1575 circum

762 1716 797 1771 7
841 1704 992 1772 regis
1039 1699 1270 1769 quartus·
1309 1697 1510 1753 Mureti
1572 1713 1627 1754 et
1673 1695 1823 1752 Leid.
1913 1714 1968 1753 ec
2018 1708 2126 1753 eru
2178 1699 2377 1755 Medic.
2426 1719 2458 1754 a
2503 1720 2582 1774 pr.
2622 1719 2695 1754 m.

600 1786 637 1842 8
674 1787 848 1841 liceat
889 1784 1032 1846 nih}
1077 1804 1201 1837 cnm
1238 1799 1338 1837 ena
1378 1783 1487 1838 duo
1525 1785 1723 1839 Moret.
1785 1816 1789 1820 .
1824 1784 1968 1837 milei
2008 1800 2074 1837 vt
2109 1787 2286 1838 liceat
2330 1787 2539 1859 primus
2568 1788 2695 1840 Mo-

600 1873 717 1927 reti.
788 1871 931 1925 milui
964 1888 1074 1941 quo
1109 1872 1148 1923 l.
1188 1870 1358 1924 Goth.
1390 1870 1490 1926 sec.

1627 1887 1664 1941 9
1702 1873 1875 1923 liceat
1904 1869 2050 1924 mihi
2076 1884 2255 1922 coeam
2282 1871 2411 1926 alter
2433 1872 2691 1927 Rottend.

609 1978 667 2013 n
705 1957 909 2029 definit
938 1955 1119 2011 Schol.
1147 1957 1338 2011 Horat.
1369 1956 1571 2031 Cruqu.
1598 1955 1669 2009 'ad
1692 1953 1856 2029 Epist.
1878 1956 1921 2017 1.
1948 1972 1992 2019 1,
2022 1973 2043 2007 ι
2085 1974 2206 2008 cum
2228 1956 2379 2010 Leid.
2471 1975 2533 2010 ια
2561 1972 2693 2016 tem-

601 2063 746 2117 pore
791 2043 922 2098 alter
936 2069 940 2073 >
954 2041 1211 2097 Rottend.

606 2229 743 2280 tum
782 2235 905 2277 nec
956 2218 1027 2274 in
1063 2216 1355 2297 Appiano
1398 2201 1480 2290 V,
1522 2210 1608 2294 75

604 2339 729 2383 nec
785 2323 854 2378 in
907 2317 1120 2379 Dione
1164 2317 1427 2378 XLVIII
1439 2360 1462 2393 ,
1519 2326 1601 2397 41

603 2421 812 2484 video.
915 2420 982 2480 Si
1037 2442 1177 2481 cum
1228 2420 1486 2481 Caesare
1544 2434 1610 2481 et

606 2526 888 2587 Antonio
926 2518 1066 2605 post
1113 2541 1330 2605 pacem
1376 2524 1608 2587 Puteo-

604 2629 816 2692 lanam
901 2625 1169 2687 Romam
1269 2625 1608 2690 decess'erat

604 2733 904 2813 (Appian.
949 2728 991 2790 1.
1028 2751 1079 2795 c.
1106 2734 1231 2813 74.)
1303 2746 1366 2792 et
1407 2732 1605 2815 legio-

602 2854 717 2899 nes
775 2854 851 2894 ex
908 2833 1110 2895 Gallia
1172 2834 1483 2915 Cisalpina
1542 2847 1606 2895 et

601 2939 871 3000 Venetia
936 2935 1191 2996 fuerunt
1269 2935 1604 3002 collectae:

603 3042 812 3104 Pollio
871 3042 1207 3101 exercitum
1264 3036 1371 3098 seu
1439 3054 1605 3099 terra

599 3166 716 3229 per
749 3141 1016 3216 [lh-iam,
1055 3142 1404 3226 Illyricum,
1453 3141 1613 3201 Dal-¹

603 3262 832 3321 mama,
886 3243 1087 3305 versus
1128 3239 1453 3305 Parthinos
1494 3243 1608 3304 du·

600 3348 768 3423 xiss'e,
793 3348 897 3409 seu
911 3351 1068 3407 mari
1082 3346 1397 3407 Adriatico
1430 3366 1606 3409 oram

601 3452 828 3535 Illyrici
876 3446 1434 3533 praeternauigass'e
1489 3470 1607 3531 pu-

598 3554 826 3615 tandus
922 3549 1026 3614 est.
1171 3544 1392 3635 Itaque
1495 3551 1600 3613 ine

600 3655 724 3718 hoc
780 3670 1062 3737 tempore
1134 3669 1241 3714 aut
1309 3658 1378 3714 in
1429 3650 1600 3715 Istria

599 3759 856 3821 haerere
899 3773 1006 3818 aut
1039 3757 1291 3818 vlterius
1318 3756 1601 3840 progres-

596 3862 691 3925 sus
722 3861 843 3924 ess'e
874 3876 1139 3943 poterat.
1227 3863 1294 3921 Si
1323 3865 1493 3942 prius
1526 3862 1600 3922 il-

595 3966 741 4027 lud:
784 3979 1029 4027 montes
1073 3980 1252 4025 erant
1291 3968 1599 4026 traiicien—

598 4067 664 4127 di
680 4111 700 4140 ,
762 4070 829 4126 in
856 4065 1078 4150 quibus
1105 4067 1354 4127 Titnaui
1387 4067 1594 4127 fontes

1697 2211 2061 2294 Sophocleo
2082 2244 2166 2260 -
2193 2214 2542 2298 tragoedias
2562 2229 2694 2276 tuan

1692 2314 2004 2397 Sophocle
2037 2316 2272 2399 dignata,
2304 2315 2431 2378 fiue
2444 2316 2692 2399 Sopho-

1691 2418 1883 2479 cleam
1912 2423 2279 2503 grauitatem
2311 2440 2383 2481 ac
2416 2420 2691 2482 maiesta-

1691 2536 1819 2583 tem
1847 2527 2294 2604 exprimentes,
2349 2539 2417 2586 vt
2453 2525 2567 2601 lx,
2601 2526 2689 2589 55

1693 2624 1879 2685 Varo
1933 2640 2003 2686 ee
2047 2612 2263 2685 Cinaei
2320 2627 2529 2707 digna
2587 2628 2690 2689 di-

1688 2748 1856 2789 cere.
1888 2792 1907 2811 .
1983 2725 2259 2789 Afinium
2334 2731 2687 2794 Pollionem

1691 2829 2037 2914 tragoedias
2091 2832 2523 2915 composuiss'e,
2592 2834 2686 2895 su—

1685 2954 1800 3015 pra
1843 2932 2100 2994 vidimus
2145 2936 2277 2996 Ecl.
2324 2937 2434 3011 111,
2466 2943 2553 3016 84
2576 2936 2683 3021 sq„

1688 3052 1751 3098 et
1783 3037 1996 3098 Horat.
2032 3037 2155 3097 Od.
2186 3038 2265 3112 11,
2310 3060 2363 3099 1.
2446 3042 2566 3102 Eas
2599 3056 2694 3102 ta·—

1688 3159 1836 3200 men
1878 3140 1991 3200 illo
2050 3154 2335 3221 tempore
2402 3145 2689 3205 nondum

1687 3247 1756 3302 in
1797 3242 2015 3325 vulgus
2061 3241 2301 3317 exiiss'e,
2366 3266 2440 3305 ex
2485 3246 2688 3307 verbis

1688 3340 1780 3404 his
1819 3344 2157 3426 intelligam
2227 3344 2332 3406 ctfi
2373 3366 2507 3406 non
2551 3348 2686 3410 satis

1688 3446 2019 3507 commode
2108 3449 2291 3509 Maro
2383 3449 2683 3512 Pollionis

1686 3554 2001 3617 carmina,
2075 3546 2122 3609 fi
2179 3565 2307 3610 tam
2366 3555 2685 3633 praeclara

1682 3654 1841 3728 sunt,
1877 3652 2033 3730 suis
2061 3666 2272 3713 tamen
2302 3638 2585 3716 laudibus
2616 3661 2685 3720 in

1681 3759 1969 3817 notitiam
2008 3751 2332 3816 hominum
2370 3758 2682 3823 adducere

1684 3860 1829 3922 vult.
1947 3879 2043 3919 ιι.
2098 3858 2224 3917 eibi
2263 3858 2542 3937 desinet,
2602 3876 2694 3926 ex·

1681 3961 1771 4050 τῷ
1805 3959 2062 4029 dicere,
2112 3963 2313 4043 ferre
2323 4006 2345 4037 ,
2403 3982 2676 4041 carmen,

1681 4070 1749 4125 in
1808 4079 1869 4124 te
1933 4060 2202 4136 desmet;
2260 4068 2474 4131 landes
2533 4086 2679 4134 tuae

594 4169 751 4231 sunt.
858 4189 916 4249 7.
963 4190 1047 4227 en
1088 4171 1218 4228 en‘c
1255 4190 1590 4255 mquam.
1673 4180 2048 4250 perpetuum
2107 4186 2391 4231 meorum
2457 4177 2678 4233 carmi·-⁴

478 4338 490 4364 ί
594 4274 671 4333 cf.
707 4271 787 4334 ad
816 4271 945 4334 Ecl.
977 4270 1044 4346 1,
1086 4274 1188 4336 68.
1283 4291 1385 4334 ιο.
1433 4272 1595 4333 Sola
1672 4291 1824 4333 num
1858 4285 2288 4351 argumentum
2319 4290 2530 4337 erunt:
2588 4280 2676 4336 ita
