3075 5114
582 315 683 392 42

949 320 1092 398 .‚P.
1140 298 1635 393 VIRGILH
1697 318 2223 401 MARONIS
2330 386 2333 393 .

587 496 733 571 Hic
778 498 992 576 illum
1036 505 1190 579 vidi
1230 511 1623 597 iuuenem,
1675 506 2096 598 Meliboee,
2163 510 2569 610 quotannis

590 634 709 724 Bis
755 634 967 712 senos
1023 646 1149 717 cui
1202 642 1447 717 nostra
1503 644 1662 719 dies
1716 643 1973 725 altaria
2026 640 2343 716 fumant.

589 770 736 843 Hic
780 773 960 846 mihi
992 776 1414 876 responsum
1456 778 1741 879 primus
1786 776 1996 850 dedit
2035 777 2162 851 ille
2194 782 2520 879 petenti:
2577 776 2673 862 45

591 902 908 999 Pascite,
951 928 1025 983 vt
1065 932 1274 1003 ante,
1320 913 1583 1004 bo'ueS,
1638 917 1890 1013 pueri;
1944 909 2348 986 submittite
2396 931 2678 988 tauros.

1363 1068 1376 1099 1

731 1111 801 1176 43
842 1129 977 1182 quot
1005 1122 1172 1167 annis
1218 1114 1426 1169 diuifim
1453 1116 1792 1189 antiquiores.
1822 1135 1870 1168 v.
1897 1116 2032 1168 Pier-

2188 1115 2259 1182 45
2295 1115 2405 1165 hoc
2447 1115 2679 1184 reposuit

598 1193 814 1248 Wakes.
859 1215 912 1252 et
959 1198 1161 1253 necesse
1194 1199 1296 1256 effe
1327 1204 1401 1260 ita
1421 1203 1524 1275 legi
1566 1203 1892 1278 pronuntiat.
1955 1186 2472 1273 primum‘bongob.
2498 1203 2673 1256 Pierii.

594 1282 668 1347 46
701 1300 903 1355 greges
943 1287 1160 1359 Menag.

593 1432 825 1510 ficium,
870 1438 1016 1500 alibi
1049 1448 1310 1524 experiri
1339 1442 1600 1528 pofl‘em.

595 1540 702 1614 43.
735 1540 951 1603 Hacin
965 1544 1115 1606 vrbe
1142 1532 1361 1608 herum
1388 1569 1600 1609 meum

593 1640 759 1717 vidi,
827 1659 953 1705 tam
998 1650 1355 1711 munificum
1400 1664 1463 1711 e't
1509 1652 1599 1712 le-

596 1762 771 1819 nem,
813 1765 881 1808 vt
913 1772 1054 1811 eum
1088 1774 1206 1833 pro
1235 1738 1360 1817 deo
1390 1755 1599 1816 colere

595 1845 1003 1917 decreuerim.
1069 1856 1220 1916 Non
1255 1862 1423 1917 enim
1454 1878 1600 1917 eum

530 1971 533 1974 ⁴
599 1948 911 2014 diuersum
982 1958 1187 2019 facere
1255 1959 1500 2019 videtur
1564 1980 1601 2019 u

601 2055 854 2115 iuuene.
968 2060 1155 2120 Dicta
1241 2060 1394 2122 haec
1476 2059 1599 2122 ess'e

599 2155 886 2236 :respectu
930 2161 1010 2220 ad
1053 2163 1372 2225 Caesarem
1414 2165 1602 2223 Octa-

601 2260 854 2319 visuum
895 2261 1146 2340 habito,
1195 2265 1461 2326 dubitari
1503 2270 1603 2325 vix

599 2358 826 2439 potest.
953 2367 1088 2427 Nec
1177 2384 1388 2428 tamen
1463 2366 1605 2428 sunt

601 2466 868 2525 nimium
905 2470 1214 2551 vrgenda:
1258 2471 1488 2552 alioqui
1511 2470 1604 2530 di-

601 2567 872 2628 cendum
928 2570 1111 2648 effet,
1185 2576 1606 2636 Octauianum

598 2667 1003 2751 posseffiones
1044 2681 1110 2737 in
1136 2698 1286 2760 agro
1314 2680 1604 2738 Mantua-

598 2791 690 2833 :no
733 2773 1030 2846 habuiffe,
1067 2783 1136 2839 in
1183 2802 1310 2862 quo
1353 2782 1604 2864 Tityrus

600 2873 769 2937 effet.
857 2881 935 2941 Ei
979 2880 1038 2941 se
1080 2880 1402 2944 menstruis
1429 2883 1604 2944 sacris

598 2979 780 3042 litare
826 2983 987 3044 velle
1032 2988 1134 3045 ait.
1188 2986 1264 3046 cs.
1324 3008 1381 3044 v.
1437 3008 1496 3066 7.
1545 2988 1605 3050 8.

603 3085 877 3153 fumant
1013 3107 1131 3167 pro
1254 3085 1605 3149 fumabunt.

601 3189 710 3264 45.
766 3188 917 3259 Hic,
967 3209 1106 3248 cum
1133 3181 1372 3249 Romae
1418 3189 1606 3251 effem

603 3287 929 3371 ipsumque
1005 3288 1221 3349 herum
1307 3289 1603 3365 adiiss'em,

598 3394 874 3471 primum
905 3392 1014 3452 tuli
1044 3390 1400 3473 responsum
1429 3395 1606 3469 illud,

603 3490 668 3555 h.
708 3493 963 3555 facultas
992 3494 1174 3556 nobis
1214 3495 1360 3556 data
1390 3493 1496 3570 est,
1540 3512 1608 3557 vt

604 3615 724 3657 nos
757 3601 972 3677 pueri,
1016 3617 1265 3672 vernae,
1303 3599 1489 3672 serui,
1534 3600 1610 3659 li-

605 3695 759 3758 bere
821 3697 1206 3778 pasceremus
1272 3715 1336 3761 et
1399 3715 1608 3762 tauros

503 3827 510 3836 ,
600 3798 1118 3862 submitteremus.
1203 3803 1412 3878 ,Color
1450 3801 1612 3864 fimi-

599 3903 676 3963 lis
719 3907 1005 3964 carminis
1049 3903 1386 3988 Agathiae:
1446 3908 1613 3968 Ana·

601 4005 743 4067 lect.
790 4007 1059 4069 Brunck.
1111 4009 1231 4068 To·
1264 4010 1374 4081 111,
1424 4014 1609 4092 p.46.

606 4109 935 4169 XXXVII.
1039 4110 1436 4192 Reſjaongfum
1477 4134 1614 4174 non.

608 4231 785 4282 nunc
821 4233 900 4273 eo
939 4210 1129 4286 sensti,
1191 4235 1316 4298 quo
1360 4216 1612 4275 oracula

1685 1441 1830 1504 hinc
1859 1436 2010 1501 iuss'a
2040 1439 2361 1500 dicuntur:
2405 1459 2524 1501 nec
2555 1455 2691 1511 tam,

1683 1543 2031 1627 magnifice,
2064 1563 2249 1624 quam
2274 1543 2440 1623 apud
2457 1544 2681 1610 Horat.

1685 1650 1757 1709 C.
1800 1650 1862 1709 S.
1902 1648 1985 1708 55
2060 1648 2204 1704 Iam
2254 1646 2532 1725 Scythae
2580 1666 2684 1704 re-

1662 1750 1920 1832 sponsa
1966 1762 2253 1829 petunt:
2343 1746 2449 1808 sed
2487 1744 2683 1827 fimpl.

1681 1850 2002 1934 respondit
2081 1853 2359 1931 petenti,
2446 1832 2693 1911 annuit:

1687 1955 2066 2035 Submiteice
2127 1966 2399 2011 tauros:
2493 1952 2683 2013 Varie

1683 2063 2052 2141 interpretes
2116 2069 2479 2137 exponunn
2543 2055 2684 2115 Ser-

1684 2164 1817 2218 vius
1846 2179 1985 2218 cum
2025 2158 2184 2216 aliis:
2243 2161 2394 2241 iugo
2436 2156 2685 2218 submit·

1688 2276 1820 2321 tere
1851 2259 1930 2318 ad
1957 2261 2290 2320 arandum:
2331 2262 2689 2334 rectejmo-

1691 2363 1775 2425 do
1819 2365 1998 2441 iugo,
2042 2378 2314 2436 aratro,
2359 2380 2466 2424 aut
2492 2360 2685 2424 sunil'e

1689 2466 1843 2551 quid
1896 2466 2254 2526 adiunctum
2307 2460 2489 2537 effen
2578 2463 2687 2529 etfi

1688 2570 1790 2632 vel
1831 2568 1913 2630 fic
1968 2591 2004 2630 a
2058 2568 2374 2650 pastorum
2427 2570 2691 2651 persona

1690 2674 1960 2735 alienum
2005 2673 2186 2734 foret.
2292 2673 2693 2734 Submiccere

1689 2775 1775 2839 est
1810 2778 1976 2839 alere
2006 2777 2086 2837 ad
2116 2798 2367 2861 gregem
2397 2775 2691 2859 supplen-

1691 2881 1877 2951 dum3
1932 2900 2081 2940 narn
2111 2880 2566 2963 subiunguntur
2591 2899 2691 2940 re-

1689 2984 1870 3065 liquis
1906 2998 1971 3043 et
2015 2999 2427 3066 aggregantur
2466 2988 2513 3043 ii
2558 2998 2692 3044 tau-

1689 3088 1784 3153 ri,
1858 3084 2082 3167 quibus
2149 3106 2299 3167 grex
2359 3084 2694 3164 suppletur.

1694 3188 1813 3247 Ge.
1829 3187 1938 3258 III,
1961 3189 2043 3265 73
2073 3207 2238 3268 quos
2263 3189 2333 3244 in
2346 3184 2694 3267 spemsta-

1694 3303 1841 3348 tues
1847 3286 2251 3366 submittere
2273 3289 2507 3366 gentis.
2530 3288 2693 3348 conf,

1700 3394 1839 3472 159.
1872 3412 1930 3453 v.
1957 3392 2164 3449 Burm.
2201 3388 2259 3448 h.
2305 3390 2346 3448 l.
2393 3387 2576 3450 Gesn.
2624 3392 2696 3448 in

1690 3492 1872 3553 Thes.
1931 3491 2330 3552 Submiccere
2372 3495 2540 3552 enim
2570 3486 2693 3551 effe

1690 3601 1941 3657 mittere
2009 3600 2077 3655 in
2147 3595 2394 3655 alterius
2461 3592 2694 3668 locum,

1692 3701 2013 3782 supplere,
2058 3696 2468 3758 dubitandum
2506 3697 2696 3779 plane

1693 3823 1830 3864 non
1897 3800 2002 3864 est.
2106 3803 2208 3862 An
2270 3801 2503 3860 dictum
2575 3797 2699 3860 effe

1695 3902 1878 3987 poffit
1929 3926 2083 3987 pro:
2167 3919 2400 3964 tauros
2453 3900 2700 3962 admic-

1696 4024 1857 4084 tere,
1899 4007 2183 4068 dubitare
2210 4007 2372 4067 licet.
2441 4008 2701 4067 Femina

1695 4110 2088 4184 submittitur,
2118 4129 2254 4170 non
2284 4124 2492 4172 taurus
2522 4108 2697 4185 boui,

1695 4229 1761 4273 vt
1787 4211 2189 4292 submittere
2234 4234 2438 4297 equas
2470 4213 2700 4274 Pallad.
