3075 5114
631 428 884 525 ιικυιιέΙ
1269 406 2064 483 PRAEFATIO

632 608 916 686 tuosam
958 605 1167 685 suiffe
1205 614 1603 713 intelligat,
1657 637 1886 715 quam
1934 610 2396 714 superiorum
2426 624 2719 709 tempo-

602 774 801 849 rum
841 745 1338 846 diligentiam3
1428 776 1472 823 a
1502 745 1923 841 ‹nouiffimis
1962 766 2217 821 autem
2260 750 2553 821 Criticis
2595 749 2722 819 vix

636 888 1047 984 quicquam
1096 888 1467 960 varietatis
1528 910 1575 961 e
1630 881 2021 962 codicibus
2092 878 2239 957 effe
2304 899 2724 988 enotatum,

509 1102 517 1115 s
635 1016 849 1118 quod
896 1044 1056 1092 non
1099 1044 1194 1091 ex
1234 1019 1393 1093 aliis
1440 1020 1648 1096 libris
1688 1026 1837 1094 iam
1884 1036 2232 1092 notatum
2273 1035 2350 1091 et
2398 1016 2728 1118 plurium

635 1151 1003 1227 librorum
1057 1153 1411 1231 consensu
1458 1154 1639 1230 effet
1695 1151 2259 1246 confirmatum3
2341 1152 2728 1254 pleraque,

641 1288 855 1390 quod
923 1287 1057 1389 ipsi
1114 1288 1348 1365 tribus
1410 1290 1801 1367 codicibus
1868 1287 2390 1391 comparandis
2441 1294 2733 1399 experti

641 1423 924 1515 sumus,
978 1425 1077 1498 ad
1121 1425 1630 1503 aberrationes
1677 1426 2146 1500 librariorum
2197 1423 2474 1516 redire;
2527 1444 2607 1501 at
2649 1429 2734 1499 in

642 1564 730 1632 iis
772 1560 995 1653 locis,
1086 1586 1284 1663 quae
1323 1565 1590 1639 vulnus
1633 1563 1950 1654 habent,
2037 1559 2248 1664 quod
2293 1557 2734 1634 sententiam

645 1700 1004 1769 orationis
1050 1697 1430 1791 obscuret,
1514 1697 1985 1775 restituendis
2035 1723 2124 1772 ac
2181 1693 2556 1787 sanandis,
2634 1693 2734 1769 ab

643 1829 759 1905 his
800 1831 1190 1908 codicibus
1233 1862 1394 1911 non
1431 1842 1666 1938 magis
1699 1841 2105 1937 quicquam
2144 1829 2472 1905 Vtilitatis
2508 1822 2774 1933 quams

644 1992 691 2038 a
735 1973 1002 2042 ceteris
1048 1968 1303 2044 arceffi
1344 1966 1575 2072 poss'e.
1712 1976 1973 2073 Itaque
2036 1941 2150 2044 ex.
2188 1972 2594 2042 innumeris
2645 1970 2735 2043 iis

647 2102 1037 2176 codicibus
1059 2157 1079 2193 ‚
1133 2110 1271 2207 qui
1295 2106 1546 2182 adhuc
1576 2104 1833 2209 passim
1861 2111 1942 2181 in
1971 2105 2447 2181 bibliothecis
2474 2101 2735 2193 latent,

647 2237 828 2311 licet
867 2262 998 2312 eos
1043 2243 1297 2313 excuti
1339 2265 1499 2315 non
1540 2247 1851 2317 omnino
1894 2241 2161 2316 inutile
2211 2238 2375 2313 sbre
2404 2264 2741 2340 pronun·-

657 2376 876 2464 tiem,
942 2372 1040 2445 ad
1084 2372 1441 2450 summam
1483 2394 1741 2451 tamen
1776 2381 1889 2451 rei
1929 2382 2051 2451 vix
2093 2380 2499 2479 quicquam
2529 2371 2747 2448 valde

649 2507 1143 2585 memorabile
1180 2529 1266 2585 et
1289 2508 1588 2613 insignis
1636 2502 1946 2588 alicuius
1973 2493 2299 2587 vtilitatis
2340 2528 2745 2611 expectan-

655 2645 838 2720 dum
897 2644 1045 2720 ess'e
1097 2645 1437 2722 arbitror.
1571 2648 1994 2750 Plerisque,
2080 2661 2150 2723 θ’
2183 2648 2484 2720 Latinis.
2509 2663 2740 2736 certe,

650 2782 1117 2873 auctoribuS,
1198 2786 1332 2885 qui
1358 2782 1685 2885 quidem
1741 2803 2088 2860 accurata
2144 2802 2223 2857 et
2277 2780 2552 2856 sollerti
2592 2779 2746 2856 lec,

651 2923 864 2993 tione
902 2919 1108 3020 digni
1153 2918 1328 3011 sint,
1379 2920 1868 2995 emendandis
1905 2941 1984 2997 et
2013 2917 2387 3022 poliendis
2436 2915 2597 2991 satis
2628 2922 2744 3000 in-

655 3050 998 3128 sudatum
1041 3053 1180 3146 est,
1231 3074 1309 3127 vt
1351 3060 1503 3127 iam
1541 3059 1629 3128 iis
1664 3060 1879 3130 venia
1923 3074 2130 3132 certe
2160 3051 2412 3125 danda
2454 3049 2560 3143 fit,
2611 3056 2746 3154 qui

660 3190 1108 3265 emendatae
1160 3190 1384 3264 huius
1442 3189 1789 3266 lectionis
1851 3189 2179 3264 fructum
2233 3186 2564 3287 aliquem
2624 3214 2747 3261 ca*
2861 3272 2888 3286 Ι

656 3350 876 3428 pere,
968 3351 1114 3402 nec
1174 3351 1481 3401 omnem
1527 3351 1836 3429 operam
1888 3333 1969 3401 in
2013 3321 2352 3396 rimanda
2397 3321 2747 3397 lectionis

654 3465 1050 3553 varietate,
1123 3478 1263 3534 aut
1306 3462 1672 3537 ariolandi
1721 3483 1800 3538 et
1857 3456 2339 3562 coniectandi
2382 3456 2750 3551 lubidine,
2845 3513 2873 3541 ,

655 3621 978 3696 ponere,
1071 3615 1203 3669 aut
1247 3619 1594 3674 auctores
1642 3599 1741 3672 ad
1784 3599 2342 3698 grammaticam
2386 3592 2621 3668 modo
2671 3612 2752 3672 et

659 3735 995 3828 criticam
1074 3728 1554 3810 subtilitatem
1624 3753 1831 3809 recte
1902 3731 2353 3831 intelligere,
2467 3753 2748 3822 verum,

659 3891 835 3940 cum
868 3863 1035 3967 ipfis
1067 3867 1292 3944 rebus
1334 3889 1416 3946 et
1463 3868 1841 3946 sententiis
1855 3925 1875 3964 ,
1943 3875 2170 3943 etiam
2201 3890 2465 3940 eorum
2508 3885 2748 3941 artem
2853 3855 2910 3910 θ

657 4004 739 4073 in
786 4005 1297 4098 inueniendis,
1374 4005 1854 4111 eloquendis,
1941 4024 2019 4080 et
2079 4002 2430 4078 ornandis
2496 4027 2749 4076 rerum

661 4144 1115 4237 argumentis
1135 4193 1157 4235 ,
1252 4107 1780 4217 sententiarum
1843 4168 1935 4217 ac
1978 4137 2378 4215 verborum
2422 4138 2745 4230 delectu,

662 4270 1080 4376 perspicere
1151 4296 1228 4353 et
1302 4302 1567 4353 eorum
1628 4277 1990 4381 exemplis
2049 4272 2429 4352 addiscere
2491 4273 2742 4366 velint,
