3075 5114
619 325 1323 446 GssoaoicoN
1373 353 2197 470 LIB·11‚478—-·'487
2346 373 2489 452 521

393 563 598 636 Rura
629 558 817 632 mihi
855 577 930 635 et
961 563 1148 659 rigui
1177 553 1526 660 placeant
1556 560 1637 630 in
1665 556 1977 632 vallibus
2006 584 2297 651 amnes3
2337 564 2487 650 485

390 698 732 772 Flumina
763 720 1010 768 ameni
1049 692 1416 795 filuasque
1447 693 1829 793 inglorius.
1921 697 2015 785 O,
2046 694 2185 769 ‘vbi
2214 707 2483 805 campi,

387 832 1000 934 Spercheosque,
1058 846 1135 905 et
1177 827 1582 929 virginibus
1613 827 1975 905 bacchata
2016 833 2378 910 Lacaenis

524 1003 626 1070 485
662 999 843 1073 rlgidi'
885 998 1043 1052 Rom.
1095 997 1267 1050 Pierii.

1406 999 1509 1064 486
1537 1000 1588 1050 Ο
1624 999 1728 1051 vbi
1774 998 1979 1068 Tempe
2020 1001 2322 1056 coniectura
2362 1003 2483 1076 plu-

384 1088 523 1141 rium
567 1088 849 1141 doctorum
884 1087 1114 1139 virorum
1154 1081 1296 1155 apud
1321 1084 1501 1137 Burin.
1522 1124 1535 1146 ,
1606 1101 1658 1139 at
1686 1103 1747 1139 ea
1779 1105 1823 1138 v.
1854 1090 1959 1157 469
2018 1087 2124 1138 iam
2166 1107 2477 1156 memorata,

383 1190 439 1228 et
467 1174 571 1228 vid.
601 1174 655 1227 N
660 1189 792 1226 otas.

381 1262 634 1327 Πηνσιόε,
674 1260 905 1321 Panem,
972 1256 1044 1310 fic
1081 1260 1404 1328 Σπεςχιιόε,

931 1174 1033 1240 487
1074 1170 1497 1242 Spercheosque
1537 1170 1740 1225 dictum
1779 1181 1833 1223 vt
1875 1171 2166 1239 Ἀλφειδε,
2224 1176 2477 1245 ΑΙρΙιοιιι,

1457 1257 1771 1329 Spercheum
1857 1257 2105 1311 Heinfius
2147 1263 2406 1333 reposuit,
2446 1283 2477 1319 ο

383 1398 622 1461 cordia
656 1413 980 1471 memorat,
1026 1417 1100 1457 ex
1135 1401 1387 1479 antiqua
1467 1402 1719 1480 poetica
1787 1396 2116 1470 facultate,
2213 1418 2474 1466 naturae

384 1504 689 1565 Italorum
761 1498 1149 1584 philosophia
1229 1506 1387 1583 peti·

1471 1501 1738 1583 aliquam
1800 1489 2305 1564 coniunctionei'n
2366 1506 2473 1570 ha-

387 1621 519 1667 tum
566 1605 758 1665 videri
807 1603 1088 1686 poterat,
1155 1608 1222 1664 in
1265 1625 1385 1687 qua
1467 1602 1619 1662 bere
1664 1604 1856 1663 videri
1894 1620 2161 1685 poterat.
2261 1607 2474 1672 Imita-

373 1705 807 1792 praecordia,
854 1710 1116 1793 φρένας,
1161 1706 1384 1791 προετί-

1470 1722 1563 1765 tns
1590 1702 1674 1766 est
1704 1707 1938 1767 versum
1965 1711 2196 1768 Lucan.
2226 1709 2305 1782 11,
2344 1716 2469 1793 557

382 1813 511 1884 δας,
585 1811 791 1872 sedern
831 1832 966 1872 non
1013 1813 1203 1872 inodo
1248 1832 1383 1872 mo·
1469 1808 1792 1869 Fericidus
1823 1811 1988 1870 Ιιαεε
2016 1813 2259 1869 iterum
2286 1816 2471 1873 circa

379 1929 556 1975 tuum
604 1919 827 1988 animi,
884 1914 987 1975 sed
1029 1929 1092 1975 et
1133 1918 1379 1990 mentis,

381 2017 712 2079 faciebant.
791 2016 914 2077 vid.
962 2018 1183 2079 Cicero
1228 2014 1377 2077 ibid.

377 2122 504 2182 Sed
549 2137 611 2183 et
656 2120 781 2182 hoc
827 2120 1022 2202 ipsum
1065 2120 1380 2200 Empedo-

379 2226 581 2285 cleum
617 2222 737 2296 est,
799 2227 966 2284 cuius
1006 2223 1208 2283 versus
1248 2224 1381 2283 lau-

381 2328 565 2389 datur
615 2333 681 2388 in
724 2327 1098 2411 Etymologo
1139 2310 1378 2409 Mag‘no

378 2435 448 2490 in
483 2422 634 2509 αἷμα
681 2444 744 2491 et
789 2430 969 2491 alibi:
1042 2423 1212 2506 Αῇιοι
1263 2423 1377 2512 Ὑοέρ

377 2526 722 2617 ἀνθρώποις
798 2526 1175 2618 τερικοὶρδιὸν
1245 2536 1375 2597 ἐστι

377 2629 591 2719 νόημα.
642 2635 948 2696 Notabilis
974 2636 1148 2696 locus
1170 2632 1373 2696 Schol.

380 2739 616 2821 Cruqu.
669 2739 747 2815 ad
801 2740 1018 2800 Horat.
1076 2740 1204 2801 Art.
1247 2742 1374 2818 465

379 2841 796 2923 Empedocles
865 2874 955 2888 ·—
1027 2844 1146 2923 qni
1202 2839 1376 2901 dice-

382 2944 524 3014 bat,
605 2941 807 3004 tarda
857 2947 1132 3023 ingenia
1169 2945 1376 3025 frigi-

381 3046 469 3107 do
531 3051 714 3106 circa
759 3045 1168 3127 praecordia
1208 3048 1377 3126 san-

374 3154 581 3230 gnine
642 3149 972 3232 impediri.
1079 3152 1162 3211 At
1219 3171 1376 3234 quo-

377 3255 572 3314 modo
603 3254 680 3313 ad
716 3252 870 3314 haec
910 3253 1144 3314 somnia
1177 3251 1378 3313 homi-

376 3377 492 3418 nes
523 3355 729 3417 delabi
759 3358 1062 3438 potuere?
1108 3355 1373 3428 Scilicet,

380 3459 558 3545 quod
587 3465 799 3540 primis
835 3468 1041 3521 reru‘fn
1073 3459 1376 3522 aetatibus

377 3563 587 3624 nullus
618 3579 747 3623 erat
781 3561 1053 3644 sapiens,
1105 3568 1213 3647 qui
1243 3581 1378 3623 non

378 3661 529 3726 effet
586 3682 809 3747 poeta,
887 3666 1092 3726 nullus
1149 3681 1374 3748 poeta,

376 3773 485 3853 qui
519 3789 652 3830 non
689 3774 925 3851 maiore
969 3772 1158 3827 animi
1199 3784 1378 3827 motu

378 3887 568 3954 atque
615 3870 782 3932 aestu
826 3885 1183 3953 raperetur,
1248 3888 1374 3941 aut,

373 3989 439 4033 vt
476 3975 929 4057 loquebantur,
1004 3975 1220 4034 diuino
1265 3973 1377 4055 spi·

373 4080 499 4135 ritu
587 4078 987 4157 (ἐνθουσιῶν)
1072 4091 1376 4161 ageretur.

376 4178 580 4238 Calor
617 4185 830 4263 itaque
847 4182 1206 4260 sanguinis
1238 4201 1379 4240 cum

375 4284 567 4339 animi
605 4287 698 4356 vi,
761 4288 998 4367 ingenii
1027 4285 1379 4361 subtilitate,

458 4382 657 4445 Tota.
697 4382 730 4445 1

1457 1911 1864 1992 praecordia
1918 1915 2209 1991 sanguis
2273 1917 2471 1976 Inca-

1464 2014 1609 2075 laic.

1574 2120 1720 2198 485.
1777 2137 2008 2179 amnes
2047 2121 2263 2198 rigni,
2320 2118 2383 2182 h.
2424 2123 2466 2188 l.

1464 2226 1573 2304 qui
1616 2225 1839 2303 rigant.
1939 2226 2465 2293 amem,-colam.

1462 2324 1773 2405 Exemplis
1889 2322 2143 2387 illustrat
2253 2328 2463 2392 Burm-

1461 2430 1853 2507 486—489.
1905 2429 1964 2488 Ο
2010 2451 2197 2512 quam
2236 2434 2465 2494 vellem

1460 2533 1587 2591 ruri
1620 2533 1806 2590 vitam
1840 2537 2061 2615 agere!
2106 2533 2462 2619 Tamquam
2562 2541 2565 2544 ’

1458 2649 1651 2714 poeta
1689 2632 1998 2696 nobiliora
2040 2656 2180 2695 rura
2224 2659 2465 2699 memo-

1460 2754 1576 2811 rat,
1637 2742 1706 2799 in
1746 2734 2123 2814 Theffaliae‚
2200 2741 2463 2801 Laconi·

1461 2865 1591 2912 cae,
1637 2862 1710 2901 ac
1738 2840 2040 2901 Thraciae
2070 2845 2318 2922 campis.
2381 2843 2459 2905 cf.

1462 2946 1743 3005 Culicem
1772 2966 1829 3005 v.
1864 2947 1978 3025 93,
2033 2948 2100 3004 in
2133 2965 2260 3027 quo
2292 2943 2463 3028 quasi

1461 3048 1687 3109 semina
1730 3063 1833 3107 aut
1874 3045 2223 3106 rudimenta
2281 3045 2461 3109 huius

1459 3153 1815 3234 pulcerrimi
1869 3150 1991 3236 loci
2056 3148 2285 3210 videas.
2405 3154 2463 3212 Ο

1458 3255 1577 3315 vbi
1603 3274 1735 3315 non
1764 3256 1975 3336 itaque
2005 3250 2088 3314 est
2105 3296 2124 3325 ,
2184 3269 2251 3313 vt
2277 3251 2460 3314 situm

1456 3359 1742 3419 locorum
1779 3371 2057 3439 quaerat,
2115 3353 2218 3415 sed
2265 3371 2327 3416 vt
2372 3355 2459 3416 ibi

1459 3462 1666 3544 degat.
1766 3458 1970 3518 Habet
2020 3472 2229 3519 tamen
2286 3459 2462 3521 locus

1459 3571 1758 3624 maiorem
1826 3554 2169 3644 δεινότητα,
2256 3558 2303 3621 fi
2370 3567 2461 3624 ita

1458 3672 1696 3752 iungis:
1802 3666 1857 3724 Ο
1895 3668 2129 3723 vtinam
2177 3661 2285 3731 fit,
2344 3669 2466 3748 qui

1463 3792 1569 3830 me
1590 3767 1784 3845 filiae
1808 3766 1916 3841 ibi,
1952 3767 2071 3827 vbi
2099 3771 2299 3849 campi
2316 3784 2461 3843 ete„

1463 3871 1869 3935 enthuliasmo
1954 3870 2243 3951 abreptus
2327 3870 2465 3933 sen-

1463 3978 1798 4037 tentiarum
1847 3972 2132 4035 ordinem
2164 3970 2459 4035 turbauit.

1465 4078 1700 4154 Campi
1745 4076 2231 4159 Spercheosque
2304 4097 2460 4157 poe-

1463 4186 1586 4243 tica
1624 4178 1917 4240 structura
1949 4175 2358 4240 enthufiasmo
2391 4194 2459 4240 et

1464 4283 1591 4367 ipsa
1640 4268 2054 4345 consentanea
2097 4281 2282 4357 dixit,
2344 4302 2464 4363 pro

1574 4385 1759 4449 Nnn
