3075 5114
1057 335 1213 410 AD
1280 334 1879 414 avcomoA
2346 344 2494 444 237

407 522 490 584 ad
518 524 788 585 carmina
813 519 919 583 [ua
945 522 1260 585 recitanda
1290 541 1423 584 non
1449 519 1564 585 nist
1597 526 1829 585 inuitus
1868 523 2143 596 accedit:
2181 530 2393 614 itaque
2427 537 2488 594 vi

403 641 635 710 cogunt
681 646 828 688 euru
858 625 1082 709 Satyri,
1131 640 1198 687 vt
1241 624 1387 686 alibi
1429 627 1708 690 videmus
1734 627 2029 689 Proteum
2071 647 2176 692 aut
2208 631 2490 716 Pythiam

397 728 480 790 ad
498 728 955 789 vaticinandum
982 731 1044 787 vi
1069 726 1314 788 admota
1347 732 1520 812 cogi:
1557 752 1678 814 qua
1708 731 1787 792 de
1815 749 1884 791 re
1915 752 1969 789 v.
2004 731 2163 793 dicta
2191 733 2270 793 ad
2289 735 2363 796 vs.
2385 739 2485 801 28.

560 829 860 911 Adscripfi
889 829 1044 891 haec
1072 835 1147 892 in'
1168 830 1360 892 breue
1391 832 1651 892 collecta
1689 836 1757 892 in
1788 853 2005 894 eorum
2034 840 2315 917 gratiam,
2350 845 2486 923 qui·

392 930 512 1000 bun
551 932 704 994 haec
748 932 968 1015 scripta
1011 931 1167 993 sunt.
1269 934 1462 1016 Poeta
1507 933 1631 995 hoc
1674 932 1871 1016 ipsum
1914 939 1980 997 in
2025 937 2303 1019 lepidum
2348 964 2481 1028 my-

392 1033 881 1118 thum-mutauit,
921 1055 1064 1095 cum
1093 1054 1302 1098 narret
1333 1038 1582 1122 Satyros
1611 1036 1760 1109 duo,
1805 1042 1911 1120 qui
1945 1039 2180 1102 dudum
2212 1051 2479 1108 carmina

392 1137 820 1222 flagitauerant
879 1158 916 1199 a
958 1138 1194 1212 Sileno,
1238 1143 1299 1230 yi
1357 1140 1612 1202 tandem
1643 1140 1893 1225 adigere
1929 1163 2074 1205 eum
2113 1145 2367 1208 voluiffe
2413 1163 2476 1207 vt

392 1256 678 1314 caneret,
747 1245 1046 1308 adiutrice
1083 1238 1394 1327 Nympha.
1505 1242 1694 1305 Versa
1737 1258 1947 1306 tamen
1995 1267 2093 1308 res
2136 1252 2206 1308 in
2247 1249 2468 1323 lusum,

386 1364 526 1405 cum
570 1360 632 1405 et
667 1347 911 1407 corollis
966 1345 1173 1407 senem
1228 1348 1570 1421 vincirent,
1661 1359 1727 1408 et
1774 1346 2068 1434 Nympha
2123 1356 2471 1432 procaciter

380 1451 519 1519 ‚eius
549 1447 822 1510 frontem
850 1446 1040 1510 rubro
1072 1453 1378 1533 pingeret.

558 1551 731 1612 Inter
778 1568 1135 1634 argumenta
1179 1572 1441 1634 operum
1482 1554 1881 1635 antiquorum
1922 1552 2165 1616 nullum
2217 1552 2305 1619 est
2359 1579 2463 1620 co·

379 1649 614 1736 piosma
672 1668 737 1713 et
793 1654 1157 1736 locupletius
1211 1651 1521 1719 Bacchicis
1576 1657 1763 1737 orgiis
1822 1670 1886 1717 et
1927 1654 2172 1720 lufibus.
2257 1659 2461 1745 Satyri

379 1760 595 1841 itaque
618 1756 939 1832 ludentes,
981 1758 1221 1820 Silenus
1252 1756 1624 1818 temulentus
1658 1772 1719 1816 et
1747 1754 2045 1833 Bacchae,
2086 1758 2146 1822 h.
2179 1781 2233 1823 e.
2264 1763 2460 1849 Nym-

374 1857 545 1944 Phae
579 1881 719 1921 cum
746 1860 989 1923 Baccho
1021 1858 1392 1921 bacchantes
1423 1858 1562 1920 sunt
1587 1863 1752 1920 inter
1790 1879 1885 1931 ea,
1940 1865 2007 1921 in
2049 1862 2271 1945 quibus
2316 1870 2462 1926 arti.

370 1960 516 2024 fices
547 1968 797 2048 ingenia
826 1980 1235 2026 exercuerunt
1263 1962 1364 2023 vel
1393 1967 1678 2026 maxime.
1764 1962 1922 2025 Sunt
1963 1985 2217 2048 quoque
2256 1970 2324 2027 in
2364 1967 2459 2028 hia

368 2087 534 2149 quae
565 2088 706 2128 cum
732 2064 944 2129 nostro
987 2071 1256 2127 carmine
1293 2068 1637 2147 comparari
1665 2062 1911 2147 poffint.
1998 2068 2241 2131 Silenus
2281 2091 2459 2132 recu-

367 2167 526 2230 bans
558 2173 628 2230 in
656 2169 822 2250 pelle
852 2166 1140 2231 substrata
1154 2213 1174 2242 ,
1227 2185 1363 2230 vtre
1391 2173 1517 2230 vini
1545 2169 1738 2250 pleno
1770 2173 1982 2244 nixus,
2049 2171 2236 2233 altera
2261 2194 2454 2235 manu

369 2270 740 2334 cantharum
778 2272 1088 2334 inuersum
1130 2288 1349 2336 tenens
1411 2273 1555 2355 (qui
1598 2287 1807 2333 tamen
1853 2271 2066 2334 artifici
2117 2280 2452 2339 recentiori

364 2379 652 2437 vitiatum
705 2396 977 2439 marmor
1025 2373 1326 2438 reficienti
1380 2374 1597 2436 deberi
1650 2374 1943 2455 videtur)
2015 2380 2086 2441 in
2134 2379 2276 2442 villa
2327 2382 2450 2444 Lu·

366 2478 604 2541 douifia
632 2476 838 2540 visitur
859 2479 1131 2554 Romae,
1177 2479 1350 2540 caelo
1378 2473 1594 2559 paffiru
1624 2473 1949 2560 express'us.

536 2579 641 2645 Est
666 2584 908 2644 silenus
935 2582 1014 2645 ad
1043 2582 1327 2643 arborem
1364 2584 1712 2653 reuinctus,
1781 2582 2000 2665 Satyro
2044 2602 2114 2645 ac
2149 2584 2448 2669 Nympha

363 2688 755 2747 exorantium
798 2685 1000 2767 specie
1049 2683 1442 2757 adstantibus,
1486 2689 1554 2745 in
1599 2698 1842 2766 gemma
1873 2684 2172 2775 Lipperfi
2196 2689 2445 2769 Dacty-

320 2821 327 2824 ·
363 2790 553 2852 ΙίοιΙι.
589 2788 758 2850 Mill.
801 2788 852 2861 1,
892 2809 946 2861 1,
986 2790 1122 2852 183.
1221 2789 1381 2849 Sunt
1424 2788 1543 2849 alia
1585 2786 1753 2868 apud
1799 2785 2020 2866 Taffw.
2106 2788 2444 2851 Inuentum

361 2890 452 2954 est
493 2913 696 2973 nuper
740 2896 805 2953 in
847 2889 1071 2953 finibus
1098 2888 1526 2973 Neapolitanis
1566 2888 2008 2974 anaglyphum,
2060 2890 2340 2953 Silenum
2372 2899 2440 2955 in

358 3011 543 3059 antro
580 2994 897 3057 sedentem
939 3016 1080 3056 cum
1112 2992 1402 3079 Nympha
1437 2992 1726 3056 frondem
1753 2992 1856 3054 seu
1891 2992 2196 3055 surculum
2237 2992 2438 3060 osten-

236 3138 241 3143 ·
357 3113 565 3172 tante,
623 3096 955 3170 exhibens,
1020 3099 1250 3181 Satyris
1295 3096 1539 3159 duobus
1592 3095 2055 3159 auscultantium
2105 3095 2438 3171 fimilibu23

356 3223 528 3284 pone
562 3216 810 3263 antrum
849 3201 1044 3262 Sileni
1085 3200 1298 3262 asellus
1341 3221 1480 3261 cum
1517 3198 1757 3261 dnobus
1786 3200 2014 3285 Satyris
2060 3199 2436 3264 saltantibus.

338 3306 431 3372 *Id
475 3303 895 3390 anaglyphum
949 3325 984 3365 e
1032 3299 1244 3366 nostro
1297 3319 1488 3386 poeta
1536 3301 1969 3365 adumbratum
2024 3299 2148 3364 effe
2204 3304 2437 3369 censuit

350 3411 585 3471 Xaver.
643 3409 868 3469 Mattei
894 3411 963 3468 in
991 3406 1125 3469 dias.
1166 3411 1325 3488 1759
1353 3406 1537 3469 edita.
1624 3403 1987 3485 Repetitum
2017 3406 2436 3491 anaglyphum

350 3533 573 3595 parum
614 3511 762 3574 scite
802 3526 867 3572 et
901 3506 1134 3572 affabre
1152 3509 1390 3583 ‘factum
1422 3523 1487 3570 et
1514 3527 1656 3569 aere
1685 3506 1985 3590 sculptum
2014 3512 2081 3569 in
2113 3510 2260 3570 edit.
2289 3512 2435 3587 ,Vir-

352 3616 484 3699 gilii
505 3614 948 3697 Ambrogiana.
1034 3612 1257 3681 Similis
1293 3611 1425 3672 fere
1457 3614 1804 3694 argumenti
1843 3610 2010 3673 aliud
2052 3608 2140 3674 est
2180 3615 2435 3699 anagly-

351 3716 570 3799 phum,
626 3717 800 3800 quod
856 3717 939 3779 ad
995 3709 1408 3795 ἐσκυλιασμδν
1468 3714 1658 3778 refert
1711 3714 1826 3774 Vir
1879 3714 2095 3776 doctus
2145 3719 2212 3777 in
2254 3718 2429 3795 Deles:

352 3818 572 3882 Acad.
618 3818 1030 3897 corconensis
1066 3821 1188 3883 To.
1216 3820 1265 3883 1.
1324 3817 1458 3883 diss.
1506 3817 1674 3879 v111.
1715 3816 1882 3878 aliud
1922 3838 2072 3879 vero
2112 3817 2432 3885 manifeste

354 3920 702 4005 expressum
742 3945 779 3986 e
820 3925 1084 4009 Virgilio
1116 3930 1391 3991 marmor
1413 3921 1568 3984 xvl
1592 3918 1819 4003 figuris,
1865 3923 2031 3983 inter
2055 3942 2206 4004 quas
2235 3925 2430 4008 Aegle

351 4029 619 4109 pingens
666 4028 861 4093 Sileni
901 4028 1145 4103 faciem,
1204 4025 1412 4091 visitur
1450 4030 1519 4088 in
1558 4024 1722 4085 Villa
1764 4023 2094 4089 Pembrok.
2157 4029 2422 4092 Wilton.

346 4127 477 4190 Etli
499 4130 780 4192 nondum
805 4131 942 4194 satia
969 4131 1589 4212 confido⁰antiquitati
1618 4124 1841 4209 horum
1866 4133 2429 4211 monimentorum3

345 4235 450 4290 vix
482 4235 646 4294 enim
675 4236 933 4301 artifices
963 4241 1169 4323 graeci
1198 4234 1523 4320 §Virgilium
1567 4230 1973 4297 edidicerunt.
