3075 5114
645 327 1346 409 oEonomoN
1396 283 1602 405 Lm}
1645 329 1797 423 111,
1840 331 2165 407 10—13

2366 336 2517 423 543

425 523 522 599 Et
564 519 781 595 viridi
823 522 906 595 in
950 547 1221 625 campo
1264 517 1632 623 templum
1673 516 1773 595 de
1815 544 2194 597 marmore
2220 549 2515 626 ponam

426 748 655 789 nerem
715 727 1150 812 palmetaque
1219 742 1420 809 capta

369 903 380 920 ‚
402 831 669 910 flabibn‘s
746 832 900 894 Non
966 829 1105 907 fibi
1172 833 1420 912 felices

403 933 618 1012 saluas
711 910 1029 1018 ponentis
1107 932 1421 1009 Jdumes?

419 1038 630 1100 Debet
694 1054 901 1100 autem
964 1036 1143 1097 huius
1213 1037 1415 1099 versus

416 1141 801 1215 suauitatem,
841 1156 906 1201 vt
939 1143 1267 1223 vnicuique
1307 1137 1419 1201 ob.

420 1249 589 1306 vium
621 1241 727 1317 est,
769 1249 873 1328 qui
905 1259 1234 1326 vtrumque
1265 1264 1418 1324 poe-

419 1364 546 1411 tam
604 1349 788 1431 legit,
879 1342 1089 1407 noster
1126 1344 1416 1407 Lucretio

417 1449 528 1512 suo
557 1450 611 1524 1,
654 1471 676 1511 1
695 1453 773 1514 ιδ
807 1449 1066 1508 Ennius
1096 1463 1173 1508 vc
1202 1445 1420 1525 noster

422 1555 690 1620 cecinit,
748 1554 866 1633 qui
897 1553 1156 1632 primus
1195 1572 1417 1611 amoe-

419 1678 513 1717 na
577 1655 842 1715 Detulit
923 1673 1010 1712 ex
1092 1654 1416 1714 Helicone

411 1760 699 1842 perenni
762 1757 1008 1839 fronte
1071 1776 1415 1825 coronam,

417 1863 551 1924 Per
573 1874 806 1938 gentas
825 1859 1040 1921 Italas
1068 1858 1413 1920 hominum

420 1985 595 2050 quae
625 1964 813 2023 clara
846 1965 1116 2023 clueret.

509 2069 607 2131 13.
650 2067 821 2128 Haec
851 2081 915 2128 et
945 2085 1108 2150 quae
1148 2063 1414 2160 sequun-

416 2184 551 2243 tur,
613 2184 678 2230 et
721 2170 940 2249 templi
983 2166 1161 2228 huius
1205 2166 1413 2229 aedifi·

417 2276 616 2344 catio,
712 2291 899 2354 quam
966 2276 1275 2332 rationem
1342 2291 1412 2331 ac

414 2379 924 2437 coniunctionem
989 2395 1130 2435 cum
1190 2378 1409 2435 ceteris

415 2476 723 2549 habeant,
781 2477 1116 2542 omiserunt
1151 2497 1408 2538 monere

412 2581 811 2661 Interpretes.
912 2568 1158 2643 S'cilicet
1209 2586 1276 2641 in
1326 2601 1407 2642 eo

411 2681 754 2745 substiterat
799 2700 1009 2766 poeta,
1051 2700 1117 2745 vt
1158 2685 1408 2745 laudem

408 2792 758 2869 poeticam,
805 2809 995 2872 quam
1034 2792 1102 2848 in
1146 2792 1406 2870 patriam

413 2888 579 2952 suam
632 2891 828 2952 redux
877 2892 1174 2965 referret,
1265 2911 1407 2950 cum

411 2998 665 3055 victoria
724 3008 1147 3073 compararet,
1219 3016 1406 3079 quam

412 3097 634 3180 aliquis
675 3100 842 3156 inter
871 3096 1142 3158 Graecos
1185 3119 1259 3158 ex
1291 3098 1407 3158 sol-

411 3200 584 3262 lenni
649 3203 987 3260 certamine
1055 3203 1254 3259 victor
1310 3221 1407 3262 re-

408 3318 708 3387 portaret.
791 3302 1031 3367 Notum
1065 3315 1267 3362 autern
1297 3301 1403 3372 est,

394 3408 652 3467 mullum
696 3404 1067 3467 sollennium
1116 3404 1406 3465 ludorum

407 3513 478 3572 in
514 3508 777 3570 Graecia
821 3530 1017 3591 genus
1055 3504 1268 3575 fuiss'e.
1338 3512 1407 3568 in

408 3634 540 3697 quo
572 3632 706 3673 non
742 3632 821 3673 eo
856 3627 1137 3694 tempore
1168 3616 1407 3695 ingenii

407 3731 779 3788 certamina,
852 3713 1075 3791 ἀγῶνες
1115 3716 1404 3793 μουσικοὶ,

412 3818 844 3901 eloquentiae,
903 3822 1180 3898 poetices
1214 3822 1408 3899 inpri-

408 3926 561 3991 mis,
665 3919 1147 3982 instituerentur.
1303 3923 1405 3982 De

411 4025 717 4108 Olympiis
757 4041 821 4086 et
862 4030 1079 4086 ceteris
1119 4024 1407 4087 sollenni-

407 4126 524 4188 bua
563 4150 763 4210 aeque
809 4146 1045 4190 certum
1076 4126 1182 4203 est,
1228 4125 1300 4190 a'c
1327 4130 1408 4220 tie

406 4230 751 4315 Dionysus,
809 4232 1259 4297 Panathenaeiz
1289 4251 1409 4298 etc.

500 4335 695 4397 Tom.
729 4336 761 4396 1

1502 727 1788 789 Victores
1819 740 2028 786 autem
2061 746 2136 788 ex
2164 728 2511 814 olympicis

1503 852 1578 892 ac
1636 834 1854 894 ceteris
1914 829 2072 891 ludis
2126 849 2262 893 non
2310 835 2509 897 modo

1500 934 1764 997 sollenni
1808 953 2045 1014 pompa
2076 934 2292 996 vrbem
2335 937 2504 999 suam

1498 1033 1797 1122 ingress'os
1841 1033 2001 1110 ess'e,
2066 1058 2278 1099 verum
2316 1047 2507 1102 etiam

1501 1145 1796 1202 victoriae
1836 1145 2114 1221 praemia
2147 1142 2261 1202 diis
2294 1143 2508 1206 conse-

1502 1240 1713 1315 crass’e,
1780 1244 2098 1304 interdum
2145 1248 2331 1306 etiam
2375 1243 2501 1308 flue

1500 1345 1805 1427 templum
1848 1344 1975 1408 flue
2031 1368 2200 1430 aram
2254 1349 2506 1412 aliudue

1498 1463 1980 1511 monumentum
2054 1453 2123 1509 in
2206 1454 2501 1515 victoriae

1498 1556 1864 1614 memoriam
1905 1549 2281 1625 condidiss‘e,
2343 1557 2501 1618 mul·

1501 1659 1576 1715 tis
1633 1675 1708 1716 ex
1767 1658 2137 1736 antiquitate
2198 1660 2495 1740 exemplis

1499 1778 1574 1819 ac
1610 1756 1799 1818 titulis
1836 1755 2040 1817 adhuc
2083 1757 2500 1839 superstitibus

1498 1859 1798 1921 declarari
1895 1856 2118 1941 potest-
2282 1863 2497 1924 Vnum

1496 1959 2000 2024 commemor-affe
2040 1982 2210 2025 nunc
2241 1968 2499 2049 quidem

1495 2063 1635 2127 setis
1674 2063 1778 2138 fit,
1868 2065 2041 2148 quod
2096 2065 2348 2130 Athenis
2407 2072 2501 2132 su-

1494 2163 1719 2250 perest,
1767 2187 2241 2231 monumentum
2282 2172 2499 2235 chora-

1496 2276 1737 2354 gicum,
1811 2272 1997 2356 vulgo
2038 2274 2499 2353 Demosthenis

1492 2376 1792 2433 Lucerna
1831 2375 2083 2451 dictum,
2137 2380 2309 2461 quod
2357 2378 2496 2462 post

1493 2480 1801 2561 Sponium
1839 2481 1935 2537 Le
1968 2481 2113 2562 Roy
2156 2496 2221 2541 et
2260 2482 2493 2542 Senarc

1494 2604 1550 2645 c.
1590 2584 1679 2643 lv
1725 2580 2038 2645 exhibent.
2129 2585 2310 2665 Quae
2358 2590 2495 2668 qui-

1493 2688 1641 2750 dem
1685 2706 1720 2746 a
1763 2684 1946 2747 nobis
1986 2686 2145 2745 dicta
2186 2684 2232 2746 fi
2274 2692 2496 2747 memi-

1491 2795 1690 2858 neris.
1760 2787 1917 2850 nihil
1964 2788 2218 2871 quidem
2267 2788 2496 2851 abhor-

1490 2915 1635 2955 rens
1705 2907 1814 2953 aut
1874 2891 2146 2953 insolens
2204 2894 2273 2950 in
2346 2908 2485 2954 toto

1489 3012 1719 3079 poetae
1816 2998 2087 3054 carmine
2181 3011 2490 3056 occurret.

1489 3100 1717 3160 Laudis
1809 3117 1883 3157 ac
1968 3101 2265 3158 victoriae
2350 3098 2495 3160 suae

1488 3206 1776 3285 poeticae
1842 3214 2323 3261 monumentum
2387 3222 2493 3261 ex·-

1488 3305 1682 3368 struet
1743 3305 2101 3389 templum,
2205 3305 2274 3363 in
2360 3325 2493 3388 quo

1488 3414 1761 3491 praemia
1806 3422 2121 3490 reportata
2173 3420 2496 3488 tamquam

1491 3512 1749 3573 donaria
1786 3509 2138 3588 consecret3
2187 3512 2493 3591 templum

1490 3631 1699 3676 autem
1742 3613 2058 3696 ingeniose
2089 3608 2225 3673 satss
2265 3618 2352 3673 ita
2393 3635 2495 3675 on-

1487 3734 1632 3788 nat‚
1694 3733 1758 3789 vt
1798 3712 2069 3800 Augusto
2120 3735 2255 3776 non
2297 3717 2493 3778 modo

1491 3821 1878 3892 dedicatum,
1947 3817 2052 3880 sed
2095 3833 2160 3879 et
2202 3819 2495 3879 omnibus

1490 3930 1563 3986 iis
1637 3922 1993 3984 instructum
2058 3935 2123 3982 et
2184 3923 2495 3982 excultum

1491 4024 1615 4091 ess‘e
1642 4025 1877 4101 iubeat,
1935 4045 2096 4110 quae
2127 4023 2205 4086 ad
2236 4024 2496 4109 Augusti

1491 4130 1707 4193 laudes
1801 4129 2243 4212 praedicandas
2331 4134 2496 4190 viam

1492 4254 1715 4320 parare
1758 4248 2072 4316 poterant.
2186 4232 2349 4294 Cum
2390 4253 2498 4291 au·

1582 4335 1764 4419 ΡΡΡ
