3075 5114
682 350 932 425 xm„
1326 302 2118 403 PRAEFATio

689 551 1092 619 verterem,
1186 550 1381 626 quae
1423 527 1685 625 pulcra
1729 534 1818 602 in'
1855 550 2084 631 poeta
2131 552 2208 607 et
2245 528 2622 637 pra'eclara
2665 530 2781 617 in?-

691 667 1028 769 fignique
1057 661 1308 761 aliqua
1334 660 1713 739 venustate
1744 667 2136 742 nobilitata
2170 668 2352 765 sunt,
2383 694 2458 746 vt
2485 677 2775 774 iisdem,

691 810 772 877 i'n
816 804 971 873 aliis
1020 802 1298 899 poetis,
1367 796 1520 875 fiue
1573 799 2049 877 obseruandis
2087 807 2780 910 acdeprehenden..

690 939 807 1012 dis
856 933 1010 1009 fine
1043 933 1576 1027 diiudicandiS,
1625 935 2154 1013 adsuescerent.
2263 948 2512 1041 Quam
2558 955 2785 1027 inter-

692 1067 1191 1175 pretum.fiue
1237 1067 1633 1143 sollertiam
1684 1069 1833 1145 fiue
1879 1072 2309 1151 induistriam
2354 1107 2527 1156 cum
2570 1085 2785 1189 saepe

689 1215 773 1283 in
799 1204 1070 1307 puerili
1102 1204 1437 1279 lectione
1467 1204 1938 1281 defiderarim
1962 1262 1981 1299 ‚
2033 1211 2350 1286 aliorum
2375 1224 2565 1292 votis
2596 1218 2787 1296 fimi-

689 1345 887 1421 libus
948 1341 1110 1415 satis
1164 1340 1415 1414 facere
1470 1342 1620 1415 hoc
1678 1341 2009 1420 instituto
2065 1348 2308 1439 volui,
2418 1348 2783 1457 simulque

695 1476 1126 1577 exemplum
1164 1500 1596 1585 proponere
1639 1480 1760 1568 iis,
1824 1485 1954 1580 qui
1987 1481 2130 1554 alia
2163 1483 2364 1557 bona
2400 1485 2780 1590 disciplina

690 1614 795 1688 vsi·
832 1638 991 1685 non
1038 1609 1234 1701 sunt,
1290 1630 1365 1684 vt
1395 1611 1759 1705 habeant,
1824 1615 1922 1688 ad
1953 1616 2162 1716 quod
2194 1616 2263 1692 se
2294 1646 2776 1724 componant,

689 1748 748 1828 fi
796 1754 874 1821 in
930 1746 1244 1819 iuuenili
1308 1758 1550 1822 coetu*
1595 1768 1861 1849 poetas
1922 1752 2362 1855 praelegunt
2418 1780 2496 1832 et
2548 1767 2794 1838 inter--

687 1903 1100 1989 pretantur.
1235 1885 1716 1985 Quamquam
1775 1890 1976 1959 enim
2042 1889 2169 1962 illa
2224 1899 2428 1967 ratio
2466 1895 2784 1975 difficul-

689 2026 863 2095 tatis
918 2018 1417 2117 aliquantum,
1506 2020 1780 2119 paullo*
1811 2021 1990 2120 plus·
2040 2030 2268 2102 etiam
2368 2033 2449 2103 in
2512 2031 2581 2108 se
2653 2037 2782 2112 ha·-

690 2155 857 2243 bet,
957 2131 1183 2254 quam
1228 2162 1674 2252 promittere
1721 2156 2060 2248 videtur3⁷
2148 2160 2302 2238 fine
2345 2168 2476 2241 tali
2523 2191 2786 2248 tamets

689 2292 1329 2388 interpretationis
1389 2298 1667 2389 genere
1706 2298 1826 2366 vix
1869 2295 2052 2368 vllus
2096 2323 2310 2373 verus
2353 2301 2636 2381 fructus
2681 2311 2790 2384 ad*

692 2425 1139 2523 elegantiam
1186 2442 1262 2496 et
1306 2427 1587 2523 ingenii
1628 2417 2209 2529 perpolitionem
2248 2457 2380 2510 aut
2418 2448 2779 2522 orationis

688 2564 1266 2635 ,exornationem
1318 2584 1410 2633 ex
1452 2582 1732 2662 poetae
1773 2565 2103 2644 lectione
2141 2579 2308 2673 capi
2350 2578 2614 2677 potest.

872 2697 1111 2767 Poeta
1166 2692 1318 2795 ipse
1377 2721 1471 2769 ex
1542 2702 1947 2776 Burmanni
2014 2705 2490 2805 recenfione,
2582 2726 2786 2817 quae

683 2827 1165 2907 Heinfianam
1212 2827 1574 2931 sequitur,
1665 2841 1884 2913 vnice
1926 2829 2298 2941 express'us
2348 2845 2576 2943 est;*)'
2633 2879 2780 2930 nec

689 2972 1113 3068 quicquam
1139 2971 1222 3038 in
1268 2986 1628 3041 contexto
1674 2990 2082 3067 mutatum;
2155 3004 2317 3051 non
2367 2985 2578 3079 qu'od
2620 3014 2781 3064 non

687 3095 861 3175 loca
904 3105 985 3173 in
1020 3099 1329 3198 Virgilio
1363 3100 1612 3176 adhuc
1643 3122 1772 3176 aut
1800 3108 2082 3182 mendo
2116 3130 2248 3184 aut
2276 3116 2537 3190 mendi
2566 3117 2782 3222 suspi-

694 3241 921 3312 cione
962 3235 1309 3308 laborare
1344 3234 1786 3332 existimem,
1829 3269 2090 3318 verum
2123 3252 2482 3347 quoniam
2513 3280 2782 3356 magna
2887 3255 2902 3272 '

691 3371 961 3444 harum
1004 3374 1567 3445 correctionum
1612 3401 1781 3474 pars
1818 3376 1913 3449 ad
1959 3376 2239 3454 sensum
2270 3412 2536 3484 parum
2575 3389 2776 3492 spec-
2869 3417 2876 3424 ·

693 3523 840 3595 tat,
905 3530 1050 3579 nec
1087 3503 1371 3606 vbique
1406 3506 1504 3579 ad
1537 3515 1896 3586 orationis
1933 3514 2409 3617 elegantiam,
2464 3522 2588 3598 sed
2620 3528 2780 3628 ple-

681 3644 1005 3739 rumque
1046 3645 1126 3711 in
1170 3642 1412 3717 verbis
1461 3664 1537 3721 et
1578 3644 1917 3723 formulis
1960 3649 2320 3745 versatur,
2387 3662 2468 3730 in
2502 3664 2775 3762 quibus

677 3772 995 3863 librarii,
1048 3783 1544 3874 grammatici,
1617 3787 1888 3876 critici,
1969 3805 2046 3859 et
2089 3788 2415 3867 editores
2461 3817 2774 3874 conten.

678 3907 865 3981 dere
907 3912 1101 3982 inter
1144 3910 1216 3985 se
1266 3911 1531 4006 solent,
1595 3934 1672 3986 vt
1712 3920 1921 4018 quod
1956 3923 2139 3997 alius
2175 3932 2535 4023 eiecerat,
2583 3920 2771 4008 alter

671 4061 1007 4136 reuocet.
1114 4049 1450 4123 Omnino
1498 4068 1752 4152 autem
1786 4059 1870 4129 in
1918 4058 2354 4140 recensione
2396 4029 2778 4170 scriptoria»

751 4211 816 4289 ⁴³)
854 4209 931 4275 Iu
953 4214 1155 4292 prima
1198 4215 1429 4280 scilicet
1472 4219 1776 4284 editione.
