3075 5114
561 333 578 340 ’
624 341 1316 444 enonorcoN
1362 343 1573 418 ΜΒ.
1611 346 1772 439 111,
1818 334 2148 433 38—743
2318 350 2492 427 ‘551

383 543 765 624 4Ῑιιῐειεῖοε,
836 552 999 626 tua,
1060 537 1497 626 Maecenas,
1571 532 1779 609 haud
1831 533 2095 609 mollia
2143 534 2383 611 iuss'a-

398 672 515 742 Te
546 667 699 743 fine
730 669 837 742 nil
862 670 1100 744 altum
1137 695 1350 743 mens
1394 669 1727 745 inchoat.

1834 673 1947 743 En
1966 725 1985 761 ,
2035 697 2171 770 age
2187 725 2207 763 ,
2252 671 2489 772 segnis

396 806 691 906 Rumpe
739 827 990 879 moras
1005 833 1028 897 3
1079 823 1303 880 vocat
1350 808 1638 906 ingenti
1681 805 2013 881 clamore
2052 806 2487 902 Cithaeron,

530 1029 601 1088 4²
642 1036 830 1074 actum
873 1019 1082 1076 zulich.
1152 1022 1268 1075 Eia
1311 1040 1423 1093 age
1448 1019 1665 1093 segnes
1701 1020 1878 1076 Valet.
1913 1021 2117 1076 Probus
2151 1025 2259 1077 Art.
2289 1023 2481 1078 Gram-

398 1117 523 1159 mut.
552 1108 592 1166 1,
624 1126 708 1178 ap.
738 1107 916 1160 Heius.
970 1107 1174 1178 segnis
1199 1108 1375 1160 Heius.
1422 1124 1452 1156 e
1491 1108 1804 1176 potioribus.

1953 1108 2023 1174 43
2057 1124 2237 1161 vacat
2276 1110 2476 1164 Medic.

396 1209 424 1243 a
463 1212 532 1243 m.
568 1211 644 1261 pr.
701 1194 901 1246 Mirum
928 1212 958 1247 a
984 1195 1103 1247 viris
1131 1193 1301 1248 doctis
1333 1192 1660 1266 Cyeltaeeron
1698 1194 1784 1249 edi
1824 1208 1879 1251 et
1914 1192 2098 1259 scribi,
2153 1195 2301 1268 quod
2336 1196 2475 1250 male

396 1277 455 1332 fit
471 1297 487 1341 ς
531 1279 801 1349 Κιθαιρών.

371 1450 602 1531 saltus
658 1451 982 1520 intactos,
1064 1471 1392 1536 argumen-

396 1569 535 1615 tum
580 1557 899 1626 carminis,
973 1556 1144 1637 quod
1184 1557 1389 1617 nullus

394 1655 599 1718 adhuc
641 1660 805 1717 inter
837 1657 1155 1718 Romanos
1196 1673 1387 1739 poeta

393 1765 701 1844 attigerat.
771 1758 960 1818 lusud
984 1761 1211 1820 mollia
1237 1758 1384 1821 iuffa

388 1860 452 1922 h.
513 1865 697 1935 dura,
778 1883 913 1922 rem
969 1882 1103 1924 non
1155 1864 1382 1938 leuem,

393 1963 743 2038 difficilem,
783 1967 1185 2046 imponentia.
1262 1966 1384 2027 Ita·

387 2091 509 2152 que
555 2066 827 2143 Tefine,
861 2064 971 2127 nifi
998 2089 1076 2128 eo
1107 2085 1381 2145 auctore,

382 2170 490 2233 seu
519 2169 785 2243 suaserit,
828 2169 929 2231 seu
964 2168 1210 2242 iusserit.
1273 2154 1279 2158 ¹

513 2282 618 2350 42.
664 2276 768 2350 43.
835 2273 1153 2336 Praeclare
1192 2274 1378 2334 illud:

384 2376 583 2448 Ades,
644 2397 684 2436 o
736 2376 1103 2436 Maecenas!
1179 2398 1255 2438 ex
1297 2397 1377 2437 eo

383 2493 636 2553 ornats
692 2476 861 2561 quafi
901 2501 1140 2553 rerum,
1227 2499 1377 2563 quas

384 2582 652 2643 dicturus
723 2581 825 2657 fit,
926 2582 1107 2643 turba
1179 2579 1375 2657 iusta,

374 2705 530 2759 nec,
605 2699 670 2743 vt
710 2685 915 2745 multis
956 2706 1099 2745 eum
1141 2699 1375 2756 exoret,

375 2795 664 2870 patiatur.
716 2789 884 2847 Vidit
913 2789 1132 2848 Cerda.
1185 2788 1378 2847 Nunc

375 2888 603 2967 nostra
653 2889 940 2965 serenus
976 2891 1138 2968 Orsa
1187 2892 1375 2948 irrues

374 2994 582 3054 Valer.
624 2994 709 3054 Fi.
742 2993 770 3053 1
806 3015 900 3075 pr.
944 2994 1022 3054 ad
1056 2992 1374 3053 Caesarem

372 3093 834 3177 Vespafianum.
922 3096 1131 3178 Vulgo
1163 3101 1246 3155 ita
1279 3115 1376 3154 ae-

373 3204 631 3281 cipitur,
722 3214 786 3260 vt
828 3213 1013 3279 poeta
1061 3196 1120 3258 se
1171 3197 1367 3278 ipsum

370 3305 725 3387 alloquatur
779 3318 846 3364 et
897 3306 1139 3363 excitet.
1249 3300 1368 3360 Ac-

369 3410 509 3487 cipe
562 3404 771 3464 saltem
828 3406 989 3466 dicta
1065 3424 1183 3486 pro
1237 3403 1368 3462 vul-

366 3514 533 3594 gari:
607 3492 842 3568 Verum
880 3510 959 3569 ad
1004 3506 1189 3587 ipsam
1232 3510 1367 3567 rer‘n

368 3610 796 3673 accedendum
843 3607 931 3672 est
987 3607 1117 3670 fine
1172 3628 1366 3669 mora.

364 3719 474 3795 43.
529 3728 733 3775 vocat
774 3714 1033 3793 ingenti
1075 3712 1366 3771 clamore

368 3818 749 3878 Cithaeron.
878 3813 1227 3876 Haerebam
1297 3819 1365 3875 in

365 3923 699 3985 adiuncto:
755 3921 1015 3997 ingenti
1053 3917 1363 3977 clamore.

362 4023 460 4083 Aa
509 4024 703 4110 laetos
748 4021 1185 4083 Bacchantium
1234 4019 1363 4079 vlu·

361 4124 554 4200 latus,
620 4146 678 4186 v.
719 4145 770 4188 c.
822 4126 1009 4187 Ouid.
1055 4125 1216 4185 Met.
1250 4122 1362 4197 111,

363 4247 509 4310 702.
560 4229 721 4310 703,
789 4229 1024 4301 referre
1065 4225 1186 4289 hoc
1226 4241 1364 4293 non

442 4331 640 4394 Τοκ.
678 4329 712 4391 1

1471 1450 1635 1514 licet.
1762 1450 1861 1514 Ad
1933 1439 2211 1515 armenta
2282 1454 2474 1538 vulgo

1470 1555 1784 1629 referunt,
1886 1576 2158 1638 eumque
2235 1558 2470 1639 pascuis

1469 1654 1750 1716 nobilem
1781 1653 1902 1718 effe
1930 1658 2125 1720 edunt
2167 1661 2472 1740 interpre-

1471 1772 1582 1820 tes.
1668 1759 1768 1820 De
1798 1760 1994 1822 altero
2027 1758 2148 1821 hoc
2175 1762 2467 1845 equidem

1468 1860 1870 1942 dubitabam3
1970 1863 2169 1924 multo
2238 1868 2463 1948 magia,

1468 1965 1790 2050 quomodo
1838 1968 2072 2045 ingens
2105 1966 2361 2026 clamor
2388 1969 2468 2028 ad

1466 2085 1744 2130 armenta
1772 2073 2055 2130 reuocari
2080 2065 2317 2150 poss‘et3
2356 2075 2467 2154 qui

1464 2186 1681 2233 contra
1735 2172 1815 2231 de
1858 2175 2191 2233 venatione
2247 2171 2466 2254 paffim

1463 2295 1498 2333 a
1534 2277 1739 2356 poetis
1782 2274 2246 2355 frequentatur:
2294 2279 2461 2338 cons.

1459 2377 1572 2436 inf.
1608 2378 1773 2455 4133
1834 2391 1897 2436 et
1930 2375 2266 2458 sequuntur
2301 2381 2463 2461 Tay-

1456 2481 1601 2559 geti
1631 2481 1711 2557 (v.
1741 2479 1900 2561 supr.
1930 2480 2161 2565 Georg.
2192 2481 2272 2555 11,
2304 2487 2457 2564 488)

1460 2603 1700 2651 canes,
1775 2582 1951 2665 quod
2007 2599 2068 2644 et
2124 2584 2319 2667 ipsum
2377 2587 2459 2647 ad

1459 2689 1860 2747 venationem
1888 2682 2134 2765 spectat.
2222 2680 2458 2750 Tradet

1461 2803 1670 2848 autem
1727 2802 1792 2848 et
1847 2806 2066 2847 canum
2129 2809 2337 2849 curam
2397 2812 2454 2850 v.

1455 2898 1605 2968 404.
1674 2889 1949 2949 Ouwens
1981 2892 2047 2948 in
2081 2890 2140 2948 N
2145 2906 2265 2952 oct.
2294 2893 2453 2975 Hag.

1456 3013 1520 3072 p.
1554 2991 1699 3054 583.
1732 2992 1862 3069 584
1919 2989 2124 3067 multis
2155 2994 2451 3074 exemplie

1459 3095 1704 3167 docuit,
1788 3107 2062 3152 armenta
2113 3110 2189 3179 et·
2232 3116 2449 3179 greges

1450 3201 1520 3259 in
1563 3193 1940 3257 Cithaerone
1986 3192 2242 3256 errass'ez
2328 3219 2451 3281 qua

1452 3300 1532 3361 de
1576 3318 1645 3360 re
1694 3299 1982 3381 equidem
2024 3318 2158 3359 non
2206 3298 2450 3361 dubita·

1451 3401 1635 3483 bamg
1706 3406 1973 3462 occurrit
2027 3405 2195 3461 enim
2238 3423 2337 3463 rea
2378 3408 2449 3465 in

1451 3506 1673 3567 fabulis
1726 3503 2093 3586 Amphionis
2153 3523 2226 3565 ac
2266 3504 2447 3567 Zethi

1450 3624 1514 3669 et
1557 3606 1828 3688 Oedipi;
1899 3605 2004 3669 sed
2055 3607 2450 3670 nobilitatem

1447 3709 1810 3793 pascuorum
1860 3709 2285 3790 exemplorum
2341 3712 2449 3772 vsu

1448 3813 1822 3874 declaratam
1862 3810 2320 3886 desiderabam,
2384 3829 2451 3874 vt

1446 3917 1525 3979 ab
1564 3938 1635 3979 ea
1670 3913 2012 3976 Cithaeron
2054 3931 2277 3995 poetae
2317 3935 2448 3976 me·

1444 4024 1676 4081 morari
1739 4015 1940 4101 poss‘et
2011 4037 2129 4099 pro
2193 4018 2447 4102 quibua

1449 4140 1697 4207 cunque
1736 4121 1989 4204 pascuis.
2091 4121 2447 4185 Clamorem

1445 4223 1640 4291 boum
1667 4242 1730 4288 et
1754 4244 2073 4289 vaccarum
2094 4245 2443 4302 occurrere,

1486 4309 1738 4414 'Qqq
