3075 5114
524 317 1223 395 GEORGICON
1273 318 1465 389 LIB.
1496 314 1643 409 IV,
1679 317 1817 390 231
1847 318 2107 404 -234

2257 321 2409 421 699

343 509 674 607 Taygete
716 504 928 582 simul
971 532 1055 581 os
1095 508 1307 582 terris
1359 502 1680 579 ostendit
1724 502 2118 580 honestum

340 643 571 734 Plias,
654 661 728 717 et
755 645 1046 719 Oceani
1105 640 1383 744 spretos
1451 641 1650 742 pede
1711 639 1981 740 repulit
2033 646 2303 718 amnis:

334 782 488 856 Aut
536 776 802 865 eadem
850 776 1043 853 fidus
1085 776 1376 878 fugiens
1427 776 1555 851 vbi
1611 775 1832 853 Piscis
1887 774 2144 879 aquosi

476 996 577 1049 233
615 996 776 1049 Ple'as
802 992 978 1048 Heius.
1011 1012 1041 1046 e
1063 993 1261 1047 Medic.
1288 1008 1340 1048 et
1367 993 1456 1057 al..
1498 1009 1554 1048 vt
1593 992 1927 1065 dissyllabum
1965 991 2058 1055 fit,
2096 1010 2158 1046 ex
2184 997 2400 1053 Πλειάς.

335 1080 514 1153 Vulgo
553 1083 772 1142 Pleias,
813 1081 959 1152 quod
989 1077 1112 1132 effet
1157 1080 1386 1142 Πληϊᾶς.

1542 1080 1646 1148 234
1682 1080 1863 1152 I'esct's
1891 1088 2101 1132 amoris
2129 1079 2247 1134 ΜΠ.
2280 1083 2406 1135 Bar·

334 1167 433 1220 tbii
475 1170 528 1220 iu
563 1167 697 1220 Adu.
725 1166 998 1226 xxxvu,
1028 1168 1063 1219 6
1118 1184 1241 1218 cum
1269 1163 1447 1237 glossa.
1488 1183 1624 1235 quae
1650 1163 1881 1217 fabulam
1915 1166 2134 1220 Venerio
2162 1166 2407 1238 Typhoei

334 1270 480 1307 metu
507 1255 562 1307 iu
600 1252 790 1327 piscem
827 1267 1061 1306 mutatae
1100 1248 1333 1320 respicit3
1374 1253 1542 1324 inepti
1579 1250 1773 1305 librarii
1814 1250 1901 1304 seu
1929 1253 2255 1324 grammatici
2288 1273 2409 1308 acu-

338 1453 507 1495 nunc
549 1428 636 1491 est
674 1431 932 1512 plenus,
993 1429 1204 1505 diuet,
1263 1447 1333 1494 vt

333 1533 657 1615 grauidas
702 1531 958 1610 aristas,
1009 1532 1333 1613 gravidos

341 1640 589 1697 culmos
623 1637 816 1697 dictos
846 1638 1126 1698 vidimus.
1194 1636 1328 1697 duo

340 1756 637 1824 tempora
664 1737 896 1820 'meffm
934 1741 1328 1802 mellationis.

338 1846 439 1905 De
480 1843 570 1904 his
615 1843 867 1903 videndi
900 1839 1143 1904 Aristot.
1178 1840 1327 1904 Hist.

339 1950 541 2010 Anim.
585 1948 699 2020 lx,
742 1956 846 2025 40.
922 1946 1165 2007 Colum.
1214 1947 1327 2021 lx,

347 2064 445 2129 14,
494 2054 553 2114 5.
606 2072 699 2111 11.
773 2052 887 2123 IX,
925 2056 1021 2114 15.
1096 2050 1220 2123 XI,
1266 2071 1326 2123 2,

338 2158 440 2216 50.
485 2156 587 2231 57.
662 2154 820 2213 Ptin.
851 2153 963 2226 XI,
1002 2156 1078 2216 16
1117 2167 1181 2212 et
1231 2157 1326 2217 15.

337 2258 417 2315 At
452 2260 672 2314 trinam
716 2255 912 2315 mellis
952 2254 1327 2314 vindemiam

336 2359 539 2418 Varro
571 2372 874 2418 memorat
912 2356 1020 2430 111,
1069 2360 1167 2430 16,
1217 2360 1323 2435 34,

336 2478 401 2523 et
456 2462 761 2544 Didymus
833 2460 1127 2543 Geopon.
1178 2462 1324 2537 XV,

334 2569 398 2641 5,
447 2589 500 2628 1.

426 2687 566 2747 232.
609 2687 750 2747 233.
796 2683 856 2747 h.
889 2705 943 2744 e.
979 2682 1088 2746 sub
1120 2699 1326 2746 ortum

336 2787 653 2846 Pleiadum
697 2787 966 2864 (Colum.
994 2789 1107 2861 XI,
1140 2809 1200 2861 2,
1239 2790 1324 2851 36

334 2890 612 2948 Decimo
675 2891 820 2949 Kal.
875 2893 1099 2950 Maias
1158 2891 1234 2953 V
1225 2912 1325 2949 er-

328 2994 536 3070 giliae
565 3014 705 3058 cum
722 2993 876 3069 sole
904 2998 1214 3054 oriuntur
1236 3029 1323 3044 --

328 3098 538 3157 Nonis
577 3097 781 3154 Maiis
821 3097 1163 3176 Vergiliae
1212 3119 1323 3157 ex-

333 3203 642 3258 oriuntur
679 3219 876 3257 mane
904 3235 985 3252 —·
1037 3201 1142 3262 Vl
1164 3200 1323 3262 Idus

332 3304 673 3381 Vergiliae
723 3318 907 3361 totae
967 3297 1345 3387 apparent(

330 3406 404 3466 cf.
437 3409 592 3466 Plin.
622 3407 855 3480 XVIII,
892 3410 994 3479 26,
1024 3407 1064 3467 s.
1102 3411 1206 3481 66,
1241 3411 1319 3488 1).

305 3506 594 3585 simulac
620 3509 863 3578 Pleias,
898 3508 1001 3569 seu
1033 3508 1216 3568 Plias
1244 3532 1320 3571 ex

324 3607 584 3682 Πλειαὶς,
633 3615 914 3694 Taygete
955 3609 1067 3691 (est
1096 3633 1170 3674 ea
1199 3633 1318 3674 vna

318 3714 678 3787 Pleiadum,
753 3735 914 3798 quae
976 3713 1039 3774 h.
1091 3716 1132 3776 l.
1193 3736 1315 3778 vna

325 3838 464 3877 cum
505 3819 629 3899 ipsa
657 3819 1100 3901 intelligendae
1133 3816 1315 3899 sunt),

327 3917 608 3995 ostendit
651 3942 723 3981 os
755 3920 1127 4000 honestum,
1176 3922 1317 4002 pul-

322 4043 526 4100 cmm,
621 4040 931 4109 tamquam
1000 4022 1312 4108 Nympha,

327 4132 544 4195 terris,
587 4126 648 4188 h.
678 4132 746 4188 in
774 4127 1166 4209 conspectum
1209 4149 1315 4189 ve·

319 4230 448 4303 nit,
494 4246 627 4290 orta
668 4229 771 4296 est.
846 4233 921 4295 cf.
951 4233 1109 4294 Aen.
1143 4230 1311 4308 vm,

1414 1433 1563 1511 590.
1617 1432 1733 1511 591
1784 1444 1848 1490 et
1893 1426 2057 1490 alibi.
2140 1431 2409 1497 Theocr.

1413 1534 1646 1606 XVIII,
1684 1535 1764 1595 26
1832 1526 1983 1602 Ἀώς
2025 1528 2407 1601 ἀντέλλουσα

1413 1629 1606 1702 natan
1636 1634 1907 1713 διέφαινε
1952 1627 2278 1717 πρόςωπον.
2341 1655 2409 1699 ec

1415 1737 1656 1822 repulit
1686 1734 1884 1819 pede,
1947 1737 2119 1820 quod
2149 1736 2401 1817 faciunt,

1414 1845 1522 1926 qui
1554 1846 1620 1902 in
1651 1840 1838 1900 altum
1870 1844 2221 1912 enituntur,
2280 1843 2406 1905 ele-

1412 1959 1565 2006 vant
1601 1942 1662 2005 se
1720 1944 1820 2021 (cf.
1868 1943 2057 2013 Ouid.
2100 1941 2190 2003 lv
2246 1947 2402 2009 Met.

1414 2068 1560 2130 7¹0·
1652 2047 1877 2106 Statius
1932 2044 2148 2109 Achill.
2192 2049 2256 2124 1,
2319 2072 2403 2133 99

1412 2148 1738 2233 liquidum
1786 2164 1889 2208 ter
1925 2147 2237 2230 grqffibus
2290 2175 2405 2229 ae,-

1414 2275 1587 2336 quor
1611 2254 1932 2336 Repulit),
1978 2274 2207 2313 amnes
2248 2257 2406 2316 Oce-

1409 2360 1529 2417 ani
1565 2358 1924 2434 (Homerico
1966 2355 2294 2432 vocabulo,
2337 2375 2405 2419 vt

1415 2456 1624 2545 Odyss.
1669 2460 1732 2532 λ,
1782 2461 1938 2533 638,
1995 2459 2188 2520 ambit
2234 2469 2404 2524 enim

1411 2579 1639 2626 terram
1680 2569 1876 2623 amnis
1921 2567 2168 2644 more),
2253 2571 2400 2647 quia

1408 2665 1608 2728 fidera
1676 2665 1933 2727 cosmice
1994 2671 2253 2728 orientia
2326 2691 2404 2730 ex

1409 2791 1652 2832 oceano
1686 2767 1991 2850 affurgere
2031 2770 2227 2829 videri
2263 2772 2403 2851 pos-

1390 2872 1565 2947 sunt,
1605 2887 1671 2934 vt
1699 2870 1815 2941 sol:
1850 2871 2140 2952 spretos,
2174 2890 2401 2936 ornatu

1407 2980 1661 3056 poetico
1755 2974 2099 3048 adiectum,
2226 2979 2400 3060 quod

1410 3081 1709 3139 conuenit
1751 3077 2028 3159 alioquin
2072 3081 2178 3153 iis,
2235 3101 2397 3164 quae

1405 3183 1570 3264 pede
1618 3180 1992 3262 repellimus.

1497 3304 1636 3380 234.
1670 3303 1812 3365 235.
1850 3302 1932 3360 Et
1963 3300 2064 3360 sub
2096 3302 2395 3378 occasum,

1405 3410 1514 3488 qui
1559 3409 1650 3464 in·
1682 3404 1770 3464 VI
1824 3404 1967 3464 Idus
2023 3406 2397 3468 Nouembris

1404 3508 1701 3581 refertur,
1778 3527 1836 3569 v.
1919 3507 2162 3569 Colum.
2241 3509 2396 3571 ibid.

1404 3615 1457 3691 §.
1505 3613 1607 3689 84.
1679 3595 1845 3671 cens.
1898 3632 2000 3691 77.
2046 3616 2148 3692 78.
2213 3612 2395 3673 Ρίὶιι.

1401 3714 1647 3785 XVIII,
1691 3712 1831 3774 sect.
1862 3719 1944 3794 59
1974 3729 2038 3775 et
2069 3717 2170 3777 60.
2227 3715 2394 3776 conf.

1400 3816 1529 3898 sup.
1577 3817 1657 3875 ad
1705 3816 1822 3876 Ge.
1867 3817 1933 3890 I,
1989 3838 2128 3882 22ι.
2228 3818 2394 3879 Vide

1401 3936 1466 3984 et
1496 3919 1915 3982 Pontederam
1956 3922 2209 4004 Antiqq.
2251 3921 2390 3981 Lat.

1400 4039 1463 4084 et
1490 4024 1599 4085 Gr.
1631 4044 1694 4104 p.
1731 4028 1876 4101 247,
1919 4037 1983 4083 et
2014 4026 2272 4084 Gesner.
2309 4024 2391 4084 de

1398 4124 1676 4210 Hyperb.
1709 4126 1785 4184 ad
1817 4124 2013 4206 Orph.
2053 4147 2196 4209 pag.
2240 4125 2389 4209 476,

1399 4244 1463 4293 et
1517 4249 1688 4289 nunc
1739 4226 1916 4290 Pfaff.
1980 4229 2076 4330 de.
2113 4232 2249 4290 Ort.
2327 4245 2391 4290 et
2475 4273 2484 4280 =

2513 1582 2550 1605 θ
