3075 5114
590 361 695 433 60

1033 361 1116 435 Ρ.
1161 361 1658 436 VIRGILII
1716 355 2248 435 MARONIS

603 544 863 622 Iudice
903 563 982 621 te
1026 567 1390 641 metuam,
1447 547 1502 623 fi
1543 573 1956 648 numquam
2000 544 2211 620 fallat
2252 547 2526 648 imago.

610 682 682 754 O
713 698 1003 756 tantum
1047 684 1279 760 libeat
1321 710 1620 758 mecum
1667 683 1803 756 tibi
1849 682 2144 757 sordida
2187 708 2361 761 runa

606 819 861 915 Atque
898 818 1194 894 humilis
1239 820 1576 892 habitare
1621 816 1850 910 casas,
1901 838 1978 892 et
2013 814 2246 918 figere
2287 838 2578 904 ceruos,

607 948 1205 1053 Haedorumque
1230 979 1530 1053 gregem
1547 954 1762 1026 viridi
1782 953 2213 1055 conpellere
2238 949 2516 1024 hibisco
2539 949 2554 1018 1
2581 946 2679 1019 30

615 1142 740 1176 cum
785 1126 1033 1199 pluribus·
1053 1133 1232 1185 Burm.
1331 1133 1388 1186 si
1416 1135 1735 1185 Menalcan
1787 1132 2004 1192 scribas,
2081 1131 2263 1185 debuit
2309 1145 2361 1183 et
2403 1126 2684 1196 Daphnin

614 1207 765 1263 scribi
808 1233 927 1267 curn
968 1215 1244 1270 Pulmnnn.
1284 1218 1549 1270 Comme-l.
1641 1218 1801 1273 Conf.
1834 1215 2011 1271 Heius.
2043 1216 2110 1269 ad
2137 1236 2183 1269 v.
2215 1218 2298 1286 73.
2393 1211 2687 1265 Conficitur

556 1300 577 1345 Ι
615 1313 700 1347 res
730 1316 792 1351 ex
820 1300 885 1362 V,
917 1303 983 1355 52
1038 1304 1319 1371 Daphnin
1360 1304 1442 1356 ad
1480 1303 1637 1376 astra
1671 1303 1952 1376 feramus.
2052 1305 2235 1374 Itaque
2277 1297 2569 1370 Daphm'm
2604 1315 2689 1347 ex-

614 1383 798 1452 punxi.
872 1388 1112 1458 Daphni
1134 1388 1398 1442 Rufinian.
1430 1408 1481 1461 p.
1510 1406 1630 1455 272,
1677 1387 1822 1461 quod
1854 1387 2027 1439 ornari
2058 1384 2242 1460 posset,
2294 1384 2335 1438 fi
2372 1384 2504 1437 tanti
2541 1379 2682 1434 esset.

618 1484 688 1535 ³7
715 1468 906 1538 fallat
943 1473 1183 1527 meliores
1227 1475 1359 1526 Pier.
1412 1490 1462 1527 et
1513 1474 1732 1535 Heins.;

1818 1489 1869 1526 et
1915 1470 1986 1525 fic
2030 1470 2317 1542 elegantior
2354 1469 2518 1522 [ormo
2556 1467 2689 1521 ferro

618 1569 834 1623 putatur
881 1578 977 1631 pro
1023 1559 1220 1629 vulgari
1270 1558 1354 1611 vsu
1386 1558 1596 1631 fallit,
1677 1558 1823 1631 quod
1862 1573 1969 1610 erat
2023 1572 2144 1609 anto
2184 1552 2359 1608 Heius.
2399 1552 2685 1635 vulgatum.

619 1637 842 1695 Mentel.
877 1662 957 1714 pr.
982 1661 1035 1699 et
1060 1645 1196 1698 Ven.
1219 1645 1423 1715 fallet.

621 1784 734 1843 inf.
780 1786 898 1846 Ge.
943 1785 1035 1845 IV
1033 1829 1054 1859 ,
1085 1789 1232 1865 484.
1274 1787 1349 1845 cf.
1377 1784 1621 1846 'Tibull.

623 1883 737 1958 IV,
781 1909 834 1959 1,
877 1890 1013 1950 126.
1081 1889 1359 1969 Explicat
1386 1892 1622 1948 Seneca

624 1985 876 2067 Quaest.
933 2005 1065 2050 nat.
1126 1992 1188 2050 V
1248 2012 1343 2072 pr.
1386 1993 1626 2069 Itaque

612 2088 683 2165 fi
720 2091 957 2168 legeris
977 2107 1000 2149 .·
1064 2093 1275 2172 Quum
1306 2091 1622 2172 placidum

625 2197 827 2252 ventis
902 2190 1088 2252 staret
1161 2213 1362 2264 mare,
1438 2194 1620 2270 scito

626 2292 804 2352 illud
833 2314 971 2352 non
987 2291 1193 2369 flare,
1220 2291 1358 2372 sed
1385 2294 1623 2351 leuiter

608 2394 917 2471 sexcenti,
993 2410 1061 2453 ec
1115 2395 1252 2455 dici
1298 2397 1623 2477 tranquil·

630 2497 794 2566 lum,
826 2499 987 2581 quia
1014 2517 1136 2556 nec
1162 2497 1290 2557 lanc
1315 2521 1438 2559 nec
1463 2500 1626 2560 illuc

626 2604 946 2679 impetum
1002 2603 1243 2682 capiat.
1342 2600 1445 2663 Est
1498 2602 1622 2664 hoc

624 2702 980 2787 philosophi
1007 2708 1357 2787 argutantis.
1405 2705 1621 2786 Quan-

622 2821 846 2888 topere
875 2804 1087 2867 Tass‘us
1100 2851 1120 2880 ‚
1178 2807 1326 2880 dum
1356 2808 1625 2868 eandem

625 2930 763 2970 rem
801 2915 870 2972 in
891 2911 1190 2991 Amynta
1230 2930 1451 2971 ornare
1491 2911 1623 2971 vel·

621 3011 745 3087 let,
789 3032 826 3072 a
858 3033 1064 3073 rerum
1104 3027 1323 3072 natura
1365 3009 1622 3075 recess‘e-

625 3116 741 3188 rit,
786 3114 1055 3176 docuere
1088 3119 1199 3175 viri
1226 3116 1408 3174 docti.

716 3218 817 3280 28.
885 3219 941 3276 Ο
970 3232 1229 3275 tantum
1258 3216 1498 3288 libeat,
1556 3229 1624 3275 vt

624 3316 895 3380 Theocr.
949 3319 1042 3378 XI
1052 3362 1072 3391 ,
1136 3321 1238 3381 65.
1332 3316 1626 3395 sordida

629 3441 814 3494 rura,
847 3420 906 3484 h.
933 3422 972 3483 l.
1001 3440 1134 3480 non
1161 3424 1230 3479 in
1252 3423 1469 3479 vitium
1493 3420 1622 3479 dic-

624 3537 796 3598 tum,
855 3523 959 3583 sed
996 3543 1113 3602 pro
1154 3523 1320 3595 vilis,
1361 3543 1621 3604 pauper.

625 3625 877 3684 Seruius
923 3624 1048 3684 eibi
1065 3623 1356 3701 sordida
1397 3629 1618 3706 iungit,

623 3743 791 3806 quae
821 3724 931 3786 tibi
961 3726 1227 3788 sordent.
1290 3748 1387 3807 29.
1402 3727 1625 3808 figere

623 3847 889 3903 ceruos,
948 3826 993 3888 fi
1033 3825 1199 3891 ferae
1244 3829 1411 3904 sunt,
1467 3830 1625 3902 telo.

623 3931 862 4005 iaculo,
915 3931 1146 4014 Georg.
1183 3932 1234 4000 1,
1266 3932 1411 3995 308.
1461 3932 1621 3992 Aen.

624 4033 708 4107 V,
758 4037 903 4098 516.
976 4033 1085 4106 vl,
1127 4035 1252 4097 803
1296 4035 1370 4096 cf.
1411 4035 1618 4096 Burm.

624 4133 687 4196 h.
719 4137 762 4196 l.
850 4139 1215 4198 venationis
1263 4152 1470 4197 tamen
1501 4135 1624 4197 stu-

623 4238 792 4300 dium
815 4260 852 4302 a
871 4241 995 4300 vita
1022 4236 1329 4321 pastorum
1350 4241 1622 4305 alienum

1674 3279 1679 3286 ,
1703 3215 1875 3297 Virg.
1916 3215 2122 3273 Burm.

1563 1645 1632 1698 28
1669 1647 1718 1695 0
1747 1646 1925 1696 libeat
1959 1655 2175 1694 tantum
2206 1639 2313 1692 duo
2337 1641 2516 1691 Butm.

1707 1778 1828 1843 effe
1856 1781 2118 1842 videtur.
2187 1776 2451 1841 Praestat
2485 1779 2696 1841 hacte-

1704 1905 1822 1945 nus
1868 1885 2160 1956 alterum,
2230 1882 2403 1965 quod
2449 1883 2698 1942 Seruius

1705 1984 1927 2046 habet:
2018 2000 2186 2058 „aut
2227 1985 2457 2054 furcas,
2537 2003 2698 2066 quae

1705 2087 1975 2170 figuntur
2003 2088 2083 2147 ad
2117 2086 2284 2147 casae
2324 2083 2702 2146 sustentatio-

1701 2209 1884 2250 nem:
1921 2209 2082 2271 quae
2112 2188 2312 2248 dictae
2342 2188 2477 2248 sunt
2505 2192 2693 2261 cerui,

1705 2293 1788 2353 ad
1859 2290 2314 2366 fimilitudinem
2395 2310 2696 2351 cornuum

1706 2398 2168 2456 ceruinorum.“
2252 2408 2318 2454 et
2358 2389 2696 2474 praecess‘e-

1699 2513 1797 2559 rat
1846 2501 2085 2586 mentio
2142 2495 2341 2567 casam
2406 2493 2521 2556 nifi
2577 2497 2697 2557 alia

1705 2622 1779 2663 ex
1802 2618 1979 2684 parte
2008 2601 2071 2662 id
2092 2621 2312 2683 parum
2339 2615 2698 2681 opportuno

1704 2719 2219 2766 commemoratur
2326 2705 2491 2762 inter
2595 2723 2698 2764 ce-

1703 2823 1836 2869 tera
1882 2806 1961 2867 ad
2007 2810 2170 2867 vitae
2212 2801 2468 2864 rusticae
2526 2824 2697 2865 eom·

1702 2911 2185 2970 mandationem.
2228 2905 2579 2967 probarunt
2605 2922 2699 2967 ta-

1702 3032 1851 3072 men
1896 3010 2017 3072 hoc
2046 3008 2213 3090 Lips.¹
2250 3024 2314 3068 et
2343 3009 2580 3070 Duker.
2627 3013 2699 3071 in

1704 3115 1967 3194 Specim.
2008 3114 2158 3172 Not.
2204 3111 2282 3170 ad
2314 3112 2486 3172 Sem.
2518 3113 2635 3175 To.
2664 3112 2698 3172 Ι

2224 3214 2299 3272 In
2336 3233 2405 3273 re
2447 3215 2697 3274 militari

1707 3314 1896 3376 obuia
1927 3311 2012 3374 est
2036 3335 2178 3386 vox,
2238 3334 2294 3373 v.
2340 3313 2417 3372 ad
2462 3313 2695 3376 Tibull.

1702 3418 1814 3490 IV,
1858 3438 1911 3489 1,
1942 3419 2026 3494 84
2082 3432 2145 3477 et
2188 3416 2395 3496 Intpp.
2438 3416 2520 3475 ad
2558 3417 2696 3477 Liu.

1702 3519 1927 3592 XLIV,
1966 3539 2060 3578 ιο.
2121 3519 2196 3578 ln
2223 3522 2348 3578 vita
2381 3525 2697 3592 communi

1704 3636 1809 3682 aut
1834 3619 2146 3702 pastoritia
2176 3642 2295 3683 vox
2333 3643 2468 3683 non
2495 3642 2695 3706 aequo

1704 3728 2006 3792 occurrit,
2074 3739 2139 3785 et
2187 3729 2444 3787 omnino
2501 3742 2693 3807 poeta

1694 3849 1836 3894 ,non
1864 3825 1997 3887 satie
2041 3842 2220 3886 caute
2263 3827 2555 3909 dilogiam
2597 3831 2694 3889 in-

1702 3930 1876 3990 tulit:
1973 3927 2120 4005 dpm
2169 3928 2388 4008 figere
2462 3949 2694 3990 ceruos

1704 4033 1871 4093 dixit.
1927 4033 2029 4094 30.
2053 4029 2322 4108 hibisco.
2350 4031 2624 4094 Hibiscus
2654 4053 2693 4093 e

1700 4136 2039 4195 malum-um
2087 4129 2408 4214 agrestium
2461 4156 2689 4219 genere

1704 4236 1825 4301 ess‘e
1903 4236 2171 4298 creditur
2185 4278 2207 4309 ‚
2307 4240 2693 4302 Graecorum
