3075 5114
609 347 759 432 448

1046 342 1131 413 Ρ.
1173 338 1367 415 VIR
1385 336 1672 411 GILII
1733 335 2251 455 MAROMS

612 520 929 622 Extulit3
1000 490 1194 604 haec
1251 527 1537 602 Decios
1559 576 1580 616 ,
1654 526 1974 613 Marios,
2042 524 2525 622 magnosque
2552 519 2695 593 Ca-

1852 644 2123 735 minoe,

612 786 993 894 Scipiadas
1025 785 1254 858 duros
1286 776 1515 873 bello,
1572 798 1648 855 et
1678 797 1777 870 te,
1817 803 2174 852 ,maxume
2207 777 2496 870 Caesar,
2559 806 2699 878 170

617 929 775 1022 Qui
825 948 1031 996 nunc
1081 922 1429 994 extremis
1481 912 1692 990 Asiae
1741 920 1893 987 iam
1940 917 2185 988 victor
2231 918 2313 985 in
2336 918 2516 989 oris

739 1121 838 1193 169
875 1120 1016 1173 baec
1047 1116 1249 1172 doctos
1275 1092 1501 1167 Metios
1533 1110 1673 1166 Ven.

620 1214 811 1264 eremis
853 1214 1036 1259 aciem
1078 1204 1247 1258 Goth.
1281 1220 1360 1273 pr.

625 1382 691 1430 et
733 1385 919 1453 quam
962 1382 1184 1445 parum
1223 1363 1292 1420 in
1332 1378 1470 1419 eam
1525 1375 1623 1415 ca-

623 1470 733 1531 dat
769 1470 1047 1549 inprimis
1105 1461 1292 1523 illud:
1361 1461 1624 1538 Magna

615 1592 869 1658 parens
890 1570 1202 1649 frugum,
1241 1584 1488 1642 magna
1524 1566 1626 1621 ‘m'-

623 1674 808 1738 rum!
872 1674 949 1736 V
940 1673 1096 1749 olsci
1132 1682 1337 1729 autem
1379 1667 1626 1732 veruti,

505 1796 506 1801 ’
548 1793 552 1799 “
623 1780 688 1841 h.
723 1776 924 1839 hastae
962 1791 1224 1858 genere,
1278 1789 1441 1828 veru
1469 1766 1625 1846 (ve-

628 1905 711 1945 ru
749 1879 1080 1942 Sabellum
1115 1876 1272 1937 Aen.
1296 1871 1448 1946 VII,
1495 1872 1620 1933 665

504 1986 508 1993 ’
630 1988 850 2064 dixit),
894 1979 997 2041 seu
1040 1977 1168 2037 telo
1218 1989 1474 2049 veruto,
1527 1993 1624 2032 ar-

503 2086 510 2095 ’
626 2093 797 2152 mati.
884 2085 1162 2163 Apparet
1190 2093 1420 2150 autem,
1448 2074 1623 2159 quod

626 2194 735 2255 vsu
777 2188 1092 2250 communi
1124 2179 1471 2262 [impliciter
1511 2199 1624 2238 ve·

505 2282 510 2291 ¹
631 2310 858 2355 rutum
900 2302 1174 2358 vocatur,
1216 2282 1337 2344 effe
1366 2278 1624 2364 proprie

630 2410 918 2459 verutum
960 2391 1152 2450 telum
1196 2385 1294 2447 vel
1333 2386 1622 2459 iaculum,

630 2520 784 2563 veru
814 2492 1169 2555 instructum
1201 2512 1272 2551 ac
1295 2492 1622 2549 munitum.

635 2598 982 2685 Scipiadas
1007 2597 1212 2659 duros
1240 2592 1408 2653 bello
1439 2591 1503 2653 h.
1530 2596 1626 2652 in-

632 2709 883 2770 duratos
913 2703 992 2765 ad
1016 2701 1269 2763 bellum.

730 2808 1084 2889 171—173.
1126 2805 1214 2864 Vt
1241 2799 1463 2861 horum
1492 2817 1630 2858 ver-

634 2913 809 2978 suum
836 2909 1171 2971 sententiae
1197 2903 1349 2964 fides
1367 2896 1626 2973 constet,

635 3038 777 3078 cum
807 3017 1025 3075 Ruaeo
1071 3024 1135 3070 et
1177 3007 1450 3067 Catroeo
1479 3005 1630 3062 Bur.

633 3138 898 3180 mannus
948 3135 1056 3176 eos
1110 3112 1300 3171 altera
1343 3108 1629 3189 recog-ni-

635 3226 809 3282 tione
849 3217 1105 3279 insertos
1138 3211 1258 3276 ess'e
1285 3211 1499 3284 credit,
1547 3210 1626 3270 V.

517 3389 520 3392 Α
635 3323 708 3385 C.
765 3324 926 3402 734,
1018 3313 1501 3402 quo-Augustus
1560 3318 1630 3374 in

633 3423 778 3488 Afia‘
816 3421 985 3505 figua
1028 3444 1065 3483 a
1113 3417 1349 3481 Parthis
1392 3421 1633 3498 recepit

635 3543 703 3592 et
723 3525 942 3587 ,Medis
993 3543 1209 3605 pacem
1253 3520 1443 3582 dedit.
1526 3516 1631 3580 Est

636 3631 798 3692 adeo
824 3632 918 3688 vir
942 3628 1181 3699 doctus,
1214 3629 1323 3708 qui
1353 3619 1456 3684 vss‘.
1487 3642 1626 3702 ¹7¹·

642 3754 764 3814 17²
824 3729 1131 3791 tollendos
1190 3724 1311 3788 effe
1360 3724 1627 3799 censeat,

636 3857 777 3899 cum
817 3854 939 3894 nec
967 3853 1020 3893 ει.
1055 3840 1182 3913 724
1207 3851 1327 3892 nec
1371 3830 1498 3909 734
1539 3826 1629 3888 sa·

634 3943 712 4002 tis
742 3940 1138 4016 conueniant.
1204 3933 1626 4016 Cogitandum

632 4056 844 4101 tamen
891 4054 1057 4112 erat,
1141 4057 1258 4098 nos
1302 4041 1369 4097 in
1408 4050 1621 4118 poeta,

1819 1126 1915 1182 170
1948 1116 2206 1163 maxima
2226 1106 2373 1164 Gud.
2489 1126 2578 1180 ¹7¹
2607 1128 2701 1163 ex-

1707 1365 1773 1411 vt
1813 1353 1914 1410 vix
1958 1348 2035 1409 ab
2092 1350 2303 1434 aliquo
2362 1349 2701 1430 interpola-

1707 1470 1845 1515 tore
1882 1474 1988 1515 eos
2020 1452 2332 1535 profectos
2372 1449 2491 1513 ess'e
2536 1450 2696 1512 arbi·
2766 1466 2772 1473 ‘

1708 1561 1903 1622 tretis.
1962 1546 2184 1636 'Quod
2215 1570 2424 1616 autem
2455 1554 2534 1614 ad
2561 1574 2701 1629 etun

1708 1661 2077 1739 opinionem
2123 1662 2373 1732 attinet,
2449 1677 2570 1740 qua
2615 1656 2704 1717 se-

1705 1763 1871 1820 riore
1899 1779 2093 1819 manu
2124 1757 2201 1817 ab
2233 1760 2363 1840 ipso
2392 1774 2581 1840 poeta
2610 1764 2707 1819 in·

1703 1859 1846 1922 serti
1874 1859 1994 1921 effe
2024 1874 2353 1941 putantur:
2412 1864 2706 1943 equidem

1704 1966 1774 2022 in
1806 1956 1981 2024 bono
2021 1977 2211 2043 poeta
2253 1966 2353 2020 vix
2392 1962 2513 2022 hoc
2554 1983 2710 2042 pro-⁶

1705 2063 1981 2124 bandum
2030 2062 2307 2145 putabO,
2387 2061 2434 2123 fi
2479 2060 2702 2123 diuet-fi

1706 2170 2004 2248 temporis
2049 2171 2118 2226 in
2158 2167 2383 2227 eodem
2428 2170 2703 2226 carmine

1705 2268 1953 2353 vestigia
2006 2269 2344 2352 reliquerit.
2445 2271 2527 2330 At
2581 2289 2706 2330 nec

1706 2374 1818 2433 tali
1842 2373 2165 2455 suspicioni
2189 2372 2362 2432 locus
2391 2370 2495 2445 est,
2534 2369 2706 2453 spec-

1706 2490 1965 2559 tantque
2006 2490 2073 2537 et
2111 2474 2178 2534 hi
2226 2474 2422 2537 versus
2452 2477 2530 2535 ad
2565 2497 2703 2536 eos-

1709 2579 1854 2640 dem
1911 2599 2145 2653 annos,
2231 2599 2390 2662 quos
2447 2584 2516 2641 in
2570 2581 2700 2639 aliis

1712 2683 2162 2767 Georgicorum
2213 2681 2366 2743 locis
2411 2681 2701 2742 subinnu-

1710 2800 1875 2859 erat,
1952 2793 2098 2866 724.
2154 2788 2278 2864 725
2334 2784 2411 2844 ab
2467 2786 2543 2843 V.
2601 2785 2697 2856 C„

1709 2886 1903 2949 modo
1933 2902 2211 2968 poetam,
2248 2901 2316 2946 vt
2347 2886 2494 2947 alibi
2531 2888 2699 2958 facit,

1710 3011 1769 3050 v.
1801 3010 1853 3049 c.
1890 2990 2121 3073 Georg.
2153 2989 2243 3049 111
2279 3010 2411 3071 pr.,
2464 2994 2701 3072 magni-

1709 3090 1824 3153 fice
1858 3089 2078 3154 efferre
2112 3108 2176 3153 et
2205 3093 2427 3154 ornare
2470 3099 2698 3176 cogites

1709 3195 1813 3272 id,
1891 3196 2064 3280 quod
2120 3216 2266 3256 vere
2324 3195 2480 3256 nihil
2513 3194 2703 3257 ·aliud

1711 3314 1863 3371 erat,
1922 3320 2111 3382 quam
2153 3299 2325 3381 quod
2366 3299 2587 3361 Caesar
2628 3321 2703 3361 ex

1708 3406 2031 3486 Aegypto,
2114 3423 2243 3485 quo
2298 3403 2512 3485 paullo
2566 3401 2704 3484 post

1708 3526 1986 3589 pugnam
2007 3508 2321 3566 Actiacam
2354 3505 2699 3569 andufio

1711 3615 2063 3684 traiecerat,
2152 3631 2269 3692 per
2323 3612 2563 3694 Syriam
2630 3615 2702 3673 in

1708 3713 1909 3776 Afiam
1937 3719 2057 3775 iter
2081 3713 2247 3788 fecit,
2290 3728 2355 3776 et
2382 3711 2587 3775 hieme
2619 3714 2701 3776 ad

1707 3818 2090 3901 Euphratem
2133 3833 2345 3879 exacta
2384 3817 2557 3879 Afiae
2602 3840 2702 3881 res

1710 3919 2036 3984 constituit.
2077 3942 2135 3982 v.
2166 3923 2316 3982 Vita
2352 3922 2573 4006 virgil.
2616 3923 2699 3983 ad

1709 4050 1793 4089 α.
1826 4037 1972 4109 724·
2097 4025 2318 4107 Itaque
2389 4028 2701 4087 extremis

627 4163 765 4206 non
791 4146 859 4204 in
888 4138 1172 4202 historico
1202 4137 1452 4217 versari3
1483 4158 1621 4198 ver·
1702 4137 1921 4194 vietor
1950 4133 2023 4190 in
2054 4133 2188 4192 oris
2214 4129 2451 4207 Asiae,
2503 4150 2698 4213 vsque

530 4244 534 4248 ’
623 4245 842 4330 susque
899 4241 1021 4307 ess'e
1067 4258 1195 4305 tam
1243 4240 1613 4324 praeclaros,
1702 4237 1783 4301 ad
1852 4234 2233 4320 Euphratem
2308 4231 2693 4319 progreffus,
