3075 5114
386 342 393 345 ’
483 359 1183 437 ofloRfflcoN
1256 365 1812 464 LIB.1V,489
1856 363 2098 443 -500

2358 376 2392 411 Γ.

2243 374 2395 472 75.)

313 551 484 644 Illa,
537 554 727 648 Quis
756 566 833 623 e’t
869 572 1028 641 me,
1081 552 1367 652 inquit,
1412 524 1788 645 miseram,
1839 574 1915 631 et
1940 574 2016 632 te
2043 529 2392 659 perdidit,
2489 572 2506 589 ‘

1560 690 1900 790 Orphea,

313 823 502 917 Quis
531 837 780 895 tantus
807 818 1065 896 furor?
1136 817 1252 893 En
1281 822 1555 895 iterum
1587 814 1924 905 crudelia
1963 848 2165 905 retro
2243 833 2394 932 495

308 960 485 1031 Fata
518 974 824 1050 vocant,
878 934 1291 1055 conditque
1317 963 1648 1034 natantia
1691 960 1975 1039 lumina
2019 962 2340 1043 somnus.

309 1076 623 1193 Iamque
665 1090 856 1166 vale.

974 1095 1206 1166 Feror
1252 1095 1541 1193 ingenti
1577 1098 2042 1175 circumdata
2090 1123 2342 1198 nocte,
2401 1100 2404 1101 ⁷

307 1226 837 1326 inualidasque
876 1225 1013 1301 tibi
1050 1229 1407 1321 tendenS,
1472 1229 1627 1306 heu
1659 1258 1818 1308 non
1858 1255 2021 1330 tua,
2064 1239 2390 1340 palmas!

306 1365 554 1452 Dixit,
618 1380 695 1436 et
724 1385 819 1434 ex
847 1361 1084 1436 oculis
1123 1361 1399 1458 subite,
1466 1392 1611 1442 ceu
1656 1368 1904 1448 fumus
1950 1380 2031 1449 in
2073 1402 2290 1453 auras

308 1472 1051 1593 Gonmixtus'tenuis,
1098 1499 1288 1603 fugit
1312 1498 1637 1598 diuersa;
1680 1533 1934 1611 neque
1957 1509 2194 1607 illum,
2235 1513 2390 1591 500

443 1714 544 1768 500
573 1711 735 1786 fugit
771 1721 836 1768 tn
874 1714 1103 1791 thaeda
1136 1718 1335 1774 Medic.
1379 1738 1412 1774 ι
1448 1741 1521 1775 m·
1569 1690 1682 1780 l'ec.¹
1745 1726 1981 1783 Alterum
2018 1745 2139 1781 cum
2174 1730 2389 1803 poetico

304 1797 391 1852 vsu
423 1800 691 1853 conuenit.

312 1958 564 2017 Manes.
580 1968 629 1996 “
715 1957 907 2020 Vides
947 1962 1014 2021 in
1051 1959 1173 2023 hoc
1204 1984 1307 2023 ex·

307 2060 585 2141 emplum
632 2062 973 2144 argutiolae
1013 2069 1306 2127 imitatio-

304 2167 402 2223 nis
452 2159 655 2229 [tudio
715 2162 1026 2237 subortae;
1109 2170 1305 2229 Luca-

302 2282 421 2323 nus
465 2284 582 2343 pro
619 2265 863 2348 fragore
906 2270 1302 2332 exultationis

301 2363 540 2449 [ignum
618 2368 853 2431 editum
922 2390 1300 2448 narrauerat,

301 2470 387 2529 ita
432 2475 597 2529 enim
633 2470 801 2552 [pem
843 2474 1066 2534 factam
1097 2479 1302 2538 Mani·

303 2574 454 2649 bus,
545 2578 771 2636 iterum
827 2578 1120 2641 audiendi
1181 2583 1302 2642 Or-

301 2678 469 2761 phici
513 2695 739 2740 cantus.
854 2681 1093 2760 Aliam,
1163 2706 1299 2747 non

302 2786 759 2857 coniecturam,
865 2782 969 2846 sed
1069 2804 1297 2849 certam

298 2880 696 2959 sententiam,
784 2895 1088 2970 proponit
1144 2891 1298 2954 Vos-

294 2983 448 3048 fius:
531 2994 769 3051 tonitru
830 2990 1294 3055 subterraneum

295 3104 510 3176 natum
540 3090 660 3155 effe
693 3115 767 3155 ex
797 3115 1017 3157 arcana
1044 3102 1124 3173 vi,
1170 3116 1294 3182 qua

295 3192 483 3254 Pluto
513 3194 868 3281 Eurydicen
914 3205 982 3261 in
1017 3201 1294 3264 Erebum

293 3294 570 3358 retrahit.
683 3300 962 3362 Eandem
1013 3307 1138 3363 vim
1190 3326 1297 3366 ιιι·-

297 3421 539 3474 canam,
584 3421 704 3485 qua
746 3403 824 3463 ad
854 3404 1293 3469 retrahendam

234 3509 249 3544 ³
292 3491 566 3585 puellam
644 3526 800 3587 opus
876 3523 1043 3583 erat,
1145 3531 1291 3572 mox

295 3607 620 3668 contendit
716 3610 1084 3672 declaratam
1169 3611 1292 3676 ess'e

292 3732 409 3793 per
455 3712 773 3774 furorem:
857 3716 1006 3799 quis
1062 3719 1293 3779 tantus

278 3814 541 3899 furor!

398 3968 547 4046 495,
609 3967 808 4051 Quis,
869 3971 1020 4053 quis
1057 3986 1289 4035 cantus

272 4069 489 4149 fictor
527 4069 862 4150 perdidit,
947 4094 1111 4158 quae
1171 4082 1288 4138 im·

288 4171 657 4251 prudentia,
770 4168 1282 4258 intemperantia,

198 4325 207 4332 ,
290 4273 412 4335 scil.
483 4282 744 4350 amantis
817 4280 1090 4365 Orphei,
1174 4289 1300 4370 qui„

1012 4481 1055 4504 *s

1389 1964 1755 2047 respexerat.
1827 1970 2007 2053 :Sup.
2063 1973 2193 2051 488
2254 1991 2387 2037 erat

1390 2065 1745 2131 dementia.
1817 2089 1881 2134 et
1923 2080 2259 2139 amantium
2289 2082 2387 2142 in·
2472 2106 2482 2117 ·

1386 2170 1553 2231 fania
1608 2179 1851 2255 quoties
1907 2198 2042 2240 non
2094 2177 2181 2242 est
2222 2184 2387 2245 cele-

1386 2272 1563 2335 brata
1580 2294 1844 2357 pervoc.
1861 2279 2123 2358 furere.
2149 2286 2380 2365 furor.

1386 2382 1533 2457 496.
1578 2384 1893 2440 natantia
1929 2384 2206 2456 lumina,
2249 2410 2381 2451 mo.

1383 2478 1670 2555 ribundi,
1740 2486 1982 2548 incerto
2024 2491 2149 2551 inm
2204 2510 2384 2556 motu

1382 2583 1783 2661 fluctuantia,
1830 2587 1963 2651 satis
1996 2612 2032 2651 a
2060 2599 2202 2657 viris
2236 2598 2400 2658 doc--

1384 2690 1459 2748 tis
1528 2686 1819 2751 illustrata
1890 2692 2045 2758 sunt.
2172 2699 2382 2761 Praei·

1382 2806 1556 2852 verat
1573 2795 1819 2856 Lucret.
1850 2796 1960 2871 111,
1995 2807 2123 2880 479
2193 2803 2383 2862 Nanc

1385 2896 1578 2956 oculi.
1705 2896 2086 2962 Illustrarunt
2154 2907 2381 2967 oculos
2433 2943 2438 2948 ·

1379 3014 1729 3070 natantes,
1841 2993 2093 3084 ’ὄμματα
2188 3004 2377 3095 ὑγραὶ,

1375 3098 1591 3184 paffim
1628 3107 1740 3165 viri
1775 3105 1961 3168 docti.
2135 3113 2142 3118 ’

1692 3193 1709 3219 0

1529 3264 1677 3339 499.
1750 3259 1945 3340 fugit
2022 3263 2098 3321 in
2171 3279 2379 3327 auras

1374 3370 1642 3434 tenues,
1739 3373 1809 3423 vt
1871 3366 2028 3425 Aen.
2097 3364 2176 3441 V,
2248 3381 2376 3449 740
2435 3375 2442 3380 ’

1376 3461 1673 3524 Dixerat
1746 3481 1814 3528 et
1893 3471 2111 3532 tenuis
2180 3473 2378 3554 fugit

1378 3586 1496 3626 ceu
1533 3570 1776 3647 fumus
1816 3573 1889 3632 in
1932 3593 2174 3645 auras,
2250 3597 2372 3638 ceu

1356 3669 1601 3749 fiemus
1654 3676 2048 3737 commixtus
2099 3677 2176 3740 sc.
2231 3687 2373 3745 cum

1375 3793 1543 3838 aura.
1666 3777 1936 3838 Petitum
2010 3796 2220 3842 autem
2297 3806 2374 3848 ex

1370 3877 1548 3942 Iliad.
1591 3878 1685 3963 ψ,
1741 3901 1876 3942 100.
1937 3883 2057 3946 vid.
2104 3884 2219 3946 alia
2269 3907 2372 3969 ap.

1373 3978 1662 4045 Cerdam.
1790 3987 1937 4047 600.
2006 3986 2202 4066 fugit
2267 3990 2370 4053 di-
2455 4011 2460 4018 ²

1370 4085 1585 4160 versa,
1626 4107 1765 4147 cum
1801 4090 1870 4149 in
1900 4090 2235 4168 diuersam,
2294 4116 2372 4158 ac

1371 4206 1494 4269 qua
1524 4188 1813 4270 Orpheus
1845 4192 2163 4267 tendebat,
2224 4216 2369 4277 par-

1370 4303 1518 4363 tem,
1563 4288 1624 4354 h.
1657 4310 1847 4368 retr0‚
1893 4299 2254 4360 auferretur.
2300 4313 2366 4361 vt
