3075 5114
639 410 1270 491 SEC-VNDAE
1328 412 1949 488 EDITIONIS
2153 436 2463 492 xxxvii

366 621 714 721 inprimis
773 634 1032 691 tamen
1072 619 1456 690 Romanus
1500 613 1739 690 sermo
1778 614 1924 690 hac
1962 634 2179 718 parte
2217 621 2458 699 multo

366 757 606 853 magis
654 749 985 846 laborat,
1074 776 1302 854 quam
1346 751 1655 825 ‘Graeca
1719 750 2006 851 lingua,
2099 762 2461 855 quoniam

371 887 472 963 ad
511 893 1073 989 grammaticam
1116 884 1610 961 subtilitatem
1672 883 1892 961 serius
1956 883 2098 961 fuit
2144 914 2457 969 reuoca-

371 1043 493 1099 tus
535 1041 612 1105 et
649 1026 828 1125 quia
871 1020 1146 1097 seriore
1190 1046 1421 1116 aeuo,
1506 1045 1554 1095 e
1591 1043 1745 1122 quo
1784 1020 2148 1124 pleraque
2184 1050 2458 1101 monu-

369 1126 635 1235 menta*-
685 1155 785 1231 ad
840 1181 982 1230 nos
1045 1180 1354 1249 venere,
1438 1170 1866 1256 temporum
1904 1156 2459 1264 hominumque

370 1288 715 1370 barbarie
748 1290 878 1366 ille
912 1289 1057 1364 fuit
1091 1310 1511 1393 corruptus.
1617 1291 1887 1367 Nullus
1918 1298 2175 1396 itaque
2203 1317 2459 1374 rectae

358 1456 462 1505 ac
503 1453 727 1503 verae
767 1430 1078 1501 rationis
1119 1424 1395 1500 fundus
1441 1423 1546 1502 est
1587 1424 1754 1502 satis
1798 1425 2036 1525 fidus,
2112 1426 2266 1506 fiue
2299 1452 2456 1527 ety-

364 1589 580 1637 mum
623 1560 984 1664 sequariS,
1058 1560 1268 1662 quod
1310 1559 1563 1635 nullus
1606 1560 1933 1664 populus
1974 1567 2057 1636 in
2100 1566 2451 1643 omnibus

360 1702 680 1787 retinet3
760 1693 917 1771 flue
967 1701 1526 1785 auctoritatem3
1615 1722 1793 1769 nam
1830 1701 2332 1797 antiquiorem
2371 1708 2455 1779 in

362 1838 619 1911 numia
662 1849 738 1908 et
762 1829 1259 1906 marmoribus
1283 1829 1624 1905 videmus
1653 1830 2051 1922 fluctuare,
2108 1831 2456 1912 seriorem

364 1990 628 2045 autem
666 1972 771 2042 ita
813 1970 1396 2042 contaminatam
1431 1963 1614 2058 effe,
1676 1985 1754 2040 vt
1781 1972 1899 2041 vix
1928 1965 2206 2042 habeas
2244 1970 2457 2071 quod

366 2106 704 2205 sequare.
843 2099 1273 2176 Persuasum
1318 2121 1571 2179 tamen
1624 2101 1758 2176 fibi
1811 2101 2149 2179 habuere
2196 2104 2457 2205 paffim

366 2245 511 2315 viri
550 2237 792 2330 docti,
879 2234 1191 2336 priscam
1254 2234 1621 2313 scribendi
1677 2242 2049 2314 rationem
2109 2247 2454 2316 reuocari

369 2372 580 2479 poffe
620 2390 751 2445 aut
794 2397 840 2444 a
886 2368 956 2445 se
995 2367 1637 2447 reuocatam'ess‘e.
1741 2376 1986 2446 Etiam
2011 2375 2179 2450 Nic.
2219 2376 2458 2453 Hein-

374 2511 519 2588 fius
560 2498 780 2584 ‘suam
831 2506 1139 2607 Virgilio
1197 2505 1806 2610 orthographiam
1862 2507 2276 2588 restitutam
2315 2541 2456 2616 pu-

374 2646 579 2720 tabat
618 2637 950 2744 e'xpress‘a
993 2640 1346 2744 scriptura
1391 2642 1675 2719 codicis
1712 2643 2063 2722 Medicei.
2168 2653 2457 2726 Verum

372 2800 785 2884 antequam
826 2775 909 2851 id
973 2775 1409 2870 affirmarem,
1493 2777 1930 2852 docendum
1974 2801 2171 2875 erat,
2260 2784 2462 2862 hanc

370 2919 810 3018 scripturam
841 2908 987 2987 effe
1015 2937 1268 2988 veram
1295 2912 1501 2986 illam
1532 2917 1922 3011 antiquam
1947 2916 2458 3017 virgilianam.

370 3051 530 3130 Nifi
569 3050 650 3124 id
688 3046 990 3138 feceris),
1059 3047 1213 3124 hoc
1255 3074 1488 3123 vnum
1525 3045 2000 3142 concess‘ero,
2069 3046 2217 3127 effe
2257 3052 2463 3132 hanc

374 3188 823 3288 scripturam·
868 3188 1026 3258 eius
1086 3189 1301 3277 aeui-,·
1397 3210 1553 3287 quo
1618 3183 1867 3260 codex
1925 3182 2026 3261 est
2077 3207 2462 3283 exaratu33

374 3327 592 3424 atqui
631 3318 775 3394 fuit
819 3316 1008 3392 illud
1047 3316 1140 3393 ab
1194 3320 1568 3418 Augusteo
1625 3319 1919 3397 saeculo
1962 3319 2179 3398 valde
2214 3349 2462 3399 remo-

378 3478 543 3534 tum
584 3474 662 3531 et
702 3453 953 3528 multis
996 3453 1348 3530 sermonis
1387 3458 1578 3529 vitiis
1618 3460 2235 3531 contaminatum.
2322 3461 2464 3532 Di-

372 3611 503 3670 cat
540 3591 867 3692 aliquis,
948 3595 1468 3691 antiquiorem
1523 3587 1777 3664 saltem
1824 3588 2192 3666 scribendi
2235 3597 2464 3669 ratio-

385 3753 559 3803 nem
597 3732 682 3800 in
721 3725 855 3799 illo
903 3726 1170 3801 codice
1206 3724 1572 3802 seruatam
1614 3722 1784 3800 effe.
1891 3729 2121 3827 Atqui
2169 3753 2268 3804 ne
2310 3729 2467 3806 hoc

388 3862 698 3964 quidem
745 3857 911 3935 satis
952 3878 1116 3937 tuto
1145 3859 1500 3952 affirmes;
1559 3884 1734 3933 nam
1761 3863 2288 3960 Fragmentum
2319 3866 2468 3940 Va·

392 4001 758 4088 ticanum,
801 4098 807 4104 ⁸
843 3996 1055 4097 quod
1112 3995 1265 4072 hoc
1304 3995 1658 4071 Mediceo
1704 3999 2081 4097 antiquius
2125 3995 2467 4090 habetur,

362 4132 771 4233 ,vulgarem
828 4129 1149 4206 nostram
1189 4138 1563 4209 rationem
1606 4128 1944 4223 exhibet,
2019 4132 2470 4215 *attrahet-e,

399 4267 747 4367 illustris,
799 4266 1217 4372 collapsus.
1313 4270 1698 4344 Romanus
1729 4284 2005 4360 autem,
2054 4271 2188 4367 qui
2219 4285 2295 4342 et
2323 4264 2475 4368 ipse

501 4407 727 4480 Tora.
772 4406 808 4475 I
1639 4428 1684 4478 e
