3075 5114
797 414 1266 492 Pmoms
1346 364 1998 519 Em‘rioms
2219 443 2454 493 mn

351 626 681 724 antiqui,
724 604 839 697 .in’
872 618 1043 721 ipsis
1089 624 1247 695 eius
1280 621 1531 697 verbis
1570 625 1966 696 innouatio
2015 626 2263 695 omnis
2291 630 2452 698 cri·
2553 610 2556 615 ’

348 765 501 835 tica
546 782 703 831 non
732 756 970 831 modo
1006 757 1326 856 periculi
1375 776 1452 831 et
1498 757 1983 832 dubitationis
2015 755 2245 833 habet
2282 758 2450 859 plu-
2569 736 2576 751 ἱ

346 903 660 982 rituum,
720 891 985 967 verun'x
1028 896 1287 983 etiarn,
1342 892 1542 967 dum
1589 892 1902 970 subinde
1932 918 2139 966 noua
2186 919 2440 1003 eufem-

352 1031 669 1132 plarium
711 1026 1213 1128 discrepantia
1255 1021 1605 1119 infertur,
1692 1053 1784 1104 ea
1825 1054 1944 1103 res
1987 1027 2156 1129 plus
2201 1029 2440 1107 mole·

342 1166 521 1259 ‚stiae
563 1187 642 1238 et
687 1161 915 1237 taedii
963 1188 1191 1263 quam
1223 1161 1506 1239 fructus
1551 1183 1633 1240 et
1663 1164 1992 1239 ‚vtilitatis
2024 1161 2277 1256 affert3
2361 1185 2438 1240 vt

343 1303 574 1391 adea,
645 1324 741 1374 ex
787 1324 944 1399 quo
987 1297 1217 1373 lectio
1262 1299 1574 1375 alicuius
1618 1299 1991 1402 scriptoris
2025 1297 2250 1383 semel
2290 1298 2439 1377 fuit
2533 1282 2548 1295 ⁸

338 1439 439 1512 ad
485 1434 843 1513 codicum
886 1430 1121 1508 fidem
1167 1431 1520 1511 accurate
1581 1435 1746 1511 satis
1791 1431 2223 1527 constituta,
2311 1463 2429 1529 ea,

338 1598 541 1676 quae
581 1568 743 1643 fine
766 1573 1046 1669 ingenii
1096 1577 1444 1645 acumine
1486 1570 1639 1645 siue
1686 1570 2042 1646 codicum
2076 1596 2228 1673 ope
2262 1599 2429 1645 mu-

332 1715 479 1787 tari
517 1704 822 1810 poffint‚
923 1703 1057 1781 nifi
1097 1704 1325 1807 ipsam
1376 1704 1746 1806 scriptor-is
1793 1703 2230 1779 sententiam
2273 1704 2430 1781 affi-

334 1853 572 1935 ciant,
665 1845 862 1916 notis
922 1860 999 1916 et
1068 1839 1719 1917 obseruationibus
1793 1839 2072 1915 seruari
2147 1842 2426 1916 malim.

329 1979 686 2079 Virgilius
750 1996 1005 2051 autem
1060 2004 1109 2050 a
1170 1981 1528 2055 trecentis
1593 1974 1774 2051 inde
1817 1980 2032 2049 annis
2075 1994 2198 2050 tot
2246 1977 2429 2054 doc-

326 2116 769 2196 tiffimorum
795 2118 1125 2187 virorum
1169 2094 1406 2185 studia
1441 2131 1790 2214 expertus
1831 2108 1953 2203 est,
2003 2131 2113 2203 vt,
2194 2117 2425 2214 inpri-

325 2258 471 2327 mis
520 2246 682 2351 post
721 2246 1001 2324 Hainfii
1045 2273 1135 2323 ac
1190 2249 1596 2321 Burmanni
1640 2274 1986 2350 operam,
2041 2274 2272 2323 nemo
2313 2246 2423 2322 sa-

332 2389 487 2465 cile
536 2405 695 2458 tam
754 2408 988 2471 vanus
1055 2394 1321 2457 auctor
1377 2389 1828 2485 reperiatur,
1918 2391 2054 2486 qui
2113 2410 2160 2460 e
2209 2383 2421 2459 libris

337 2523 612 2624 scriptis
658 2518 897 2594 multa
948 2516 1364 2619 praeclara,
1457 2545 1656 2621 quae
1710 2519 2056 2595 nondum
2119 2545 2216 2598 ex
2256 2519 2419 2595 aliis

337 2660 547 2734 libris
589 2674 850 2730 notata
891 2650 1062 2745 sint,
1140 2653 1487 2754 polliceri
1531 2654 1739 2733 ausit.
1858 2655 2096 2732 Aliter
2137 2654 2209 2730 se
2252 2682 2419 2736 reru

326 2794 613 2871 habere
654 2795 844 2868 noui
879 2795 962 2863 in
999 2786 1512 2889 scriptoribus,
1594 2815 1921 2891 quorum
1962 2791 2421 2891 exemplaria

328 2954 575 3033 pauca
619 2944 751 2999 aut
792 2943 1050 3000 extant
1100 2941 1241 2997 ‘aut
1297 2923 1627 3026 inspecta
1674 2922 1861 3008 sunt.
1999 2927 2097 2999 At
2148 2951 2418 3001 eorum

328 3065 811 3165 scriptorum,
909 3085 1235 3161 quorum
1292 3061 1603 3137 codices
1662 3079 1739 3136 et
1787 3078 2034 3137 aetate
2081 3079 2158 3136 et
2198 3060 2416 3135 boni-

325 3219 487 3276 tate
516 3195 966 3301 praestantes
1010 3222 1285 3295 magno
1329 3222 1649 3272 numero
1692 3203 1842 3270 iam
1886 3197 2196 3298 inspecti
2223 3194 2411 3289 sunt,

321 3337 385 3415 fi
438 3313 627 3414 alios
695 3331 997 3420 codices
1072 3331 1412 3430 vulgares
1472 3338 2061 3434 comparaueriS,
2163 3338 2410 3410 omnis

322 3471 615 3548 fructus
658 3465 1117 3567 plerumque.
1137 3466 1234 3539 ad
1262 3463 1628 3543 sollennes
1661 3487 1792 3541 aut
1835 3494 2084 3543 nouos
2119 3494 2408 3544 errores

321 3609 840 3695 librariorum,
889 3620 968 3676 et
1002 3606 1391 3678 varietates
1424 3605 1575 3676 iam
1604 3603 1910 3678 aliunde
1937 3623 2153 3679 notas
2182 3603 2409 3692 reditg

331 3749 439 3817 ita
472 3741 673 3815 male
714 3737 1142 3828 collocatur
1177 3743 1449 3818 otium..
1567 3742 1866 3841 Itaque,
1953 3737 2009 3814 fi
2055 3743 2219 3840 quis
2260 3738 2413 3813 lec-

172 3869 229 3932 ·
333 3884 563 3954 tionis
603 3880 1040 3951 varietatem
1088 3898 1182 3948 ex
1215 3878 1516 3974 optimis
1547 3873 1758 3950 libris
1797 3845 1896 3950 ad
1934 3873 2264 3949 nostrum
2301 3899 2418 3947 vs-

340 4041 495 4118 que
550 4032 845 4112 tempus
894 4008 1231 4110 Vndique
1294 4008 1721 4112 congestam
1777 4008 2229 4101 confideret,
2316 4008 2418 4082 ad

340 4150 933 4236 emendatiorem
994 4164 1072 4220 et
1127 4150 1586 4224 ornatiorem
1632 4146 2021 4247 Virgiliani.
2072 4149 2415 4220 carminis

336 4289 752 4364 lectionem
793 4308 1102 4387 operam
1144 4290 1640 4360 recentiorem
1680 4285 2194 4378 multominus
2225 4281 2421 4356 fruc÷
