3075 5114
608 377 709 454 40
1010 357 1647 439 P.va1L11
1696 358 2233 442 MARONIS

604 549 1010 655 Postquam
1051 574 1194 624 nos
1223 548 1619 644 Amaryllis
1656 548 1919 647 habet,
1997 554 2323 630 Galatea
2362 554 2691 658 reliquit.

606 696 994 793 Namque,
1075 682 1377 760 fatebor
1459 689 1702 781 eniih,
1780 688 1965 763 dum
2030 715 2159 767 me
2216 664 2530 784 Galatea
2585 710 2695 769 te·

1853 823 2109 919 nebat,
2158 902 2161 907 .

609 967 776 1040 Nec
827 957 984 1059 spes
1026 952 1385 1029 libertatis
1429 976 1622 1050 erat,
1673 983 1824 1035 nec
1864 985 2045 1035 cura
2083 963 2367 1062 peculI.

531 1166 544 1181 ,
609 1095 982 1203 Quamuis
1019 1087 1258 1163 multa
1295 1093 1487 1166 meis
1537 1098 1774 1170 exiret
1825 1100 2124 1173 victima
2164 1096 2460 1198 saeptis,

748 1328 811 1383 δι
839 1326 1103 1386 Galatea,
1144 1324 1433 1382 Γαλάτεια.
1455 1324 1609 1379 ‘male
1639 1327 1694 1380 in
1721 1325 1899 1383 multi·
1920 1327 2226 1385 Galaehea.
2364 1329 2435 1397 34
2448 1329 2692 1401 saepete-

616 1416 775 1472 Hanc
810 1412 1115 1484 scripturam
1152 1410 1209 1465 h.
1241 1409 1279 1466 l.
1332 1410 1414 1464 vix
1453 1410 1561 1463 duo
1588 1413 1718 1484 Reg.
1758 1428 1811 1466 et
1849 1414 2070 1469 Mentel.
2092 1453 2108 1476 ,
2174 1415 2231 1467 in
2273 1413 2386 1468 aliis
2433 1415 2564 1471 locis
2599 1436 2696 1470 an.

618 1502 874 1573 tiquioren
916 1495 1219 1569 agnoscunt.
1321 1497 1587 1550 Nonnulli
1642 1497 1966 1571 distinguunt
2021 1498 2141 1574 post
2187 1508 2450 1572 pinguis,
2525 1519 2577 1557 vt
2630 1503 2697 1558 fit

614 1594 856 1643 victima
897 1591 1165 1656 pinguis,
1232 1597 1286 1637 vt
1324 1581 1436 1636 Ecl.
1465 1584 1562 1645 VI,
1603 1594 1656 1651 4.
1743 1586 1811 1638 At
1848 1582 1919 1638 fic
1963 1586 2217 1648 alterum,
2274 1587 2499 1656 caseus,
2537 1588 2695 1643 subii-

617 1689 820 1729 ceretur
852 1669 961 1724 fine
998 1670 1264 1742 epitheto:
1330 1688 1438 1743 quo
1477 1685 1788 1724 extenuatur
1830 1672 2035 1725 oratio:
2111 1687 2300 1742 poetae
2326 1673 2505 1747 itaque
2546 1678 2693 1748 prius

619 1759 730 1816 fine
759 1757 996 1830 epitheto
1039 1754 1333 1828 relinquere
1377 1753 1578 1820 solent,
1667 1754 1817 1811 alteri
1857 1756 2131 1831 epitheton
2169 1756 2378 1814 addere.
2482 1777 2698 1817 erraret

617 1854 860 1903 victima
896 1839 1129 1896 Parthas.
1158 1842 1338 1895 Burm.

1699 2003 1959 2066 tendum
2001 2021 2244 2082 tamen,
2300 2003 2564 2072 infidere
2603 2007 2700 2075 bie

1698 2105 1905 2169 nescio
1946 2109 2099 2193 quid
2138 2108 2446 2172 inuenusti
2486 2128 2552 2173 et
2598 2118 2698 2177 in·

1701 2215 1923 2271 comti:
1967 2211 2044 2271 cf.
2063 2213 2140 2271 V.
2170 2213 2276 2284 L.;
2316 2236 2697 2300 quamquam

620 1984 765 2094 gula
782 2006 864 2067 ad
889 2002 1327 2077 declarandum
1350 2018 1616 2086 tempus,

620 2132 749 2199 quo
785 2109 1136 2169 libertatem
1171 2103 1465 2177 obtinuit,
1512 2127 1622 2167 va-

616 2212 753 2275 lere
813 2208 1067 2270 debent.
1180 2206 1258 2267 In
1303 2206 1619 2271 senectute

620 2311 905 2375 barbam
922 2325 1250 2384 memorat,
1274 2313 1421 2393 quia
1435 2309 1619 2372 liber.

617 2432 817 2479 tatem
866 2412 1275 2498 consequutus
1321 2433 1460 2473 eam
1508 2414 1619 2476 de-

614 2522 820 2605 ponit.
908 2517 1191 2602 Contigit
1231 2531 1476 2594 tamen,
1519 2521 1617 2580 ln-

620 2645 833 2710 quam,
863 2621 1132 2696 liberum,
1166 2636 1230 2682 et
1254 2622 1450 2682 multo
1475 2619 1618 2704 post

615 2726 773 2790 mihi
801 2726 945 2787 data
972 2721 1090 2802 est,
1127 2722 1495 2808 postquam,
1537 2747 1617 2788 ex

615 2852 747 2915 quo
785 2845 1104 2912 tempore,
1163 2848 1201 2888 a
1234 2828 1491 2891 Galatea
1515 2850 1617 2892 re·

613 2934 831 3008 lictus,
883 2936 952 2994 in
984 2930 1405 3015 Amaryllidis,
1465 2953 1618 2995 con-

611 3034 827 3100 seruae
872 3040 1092 3118 (quam
1146 3054 1205 3094 V.
1245 3037 1289 3099 3
1342 3039 1616 3098 carmine

610 3136 950 3212 recolebat,
1017 3153 1083 3199 et
1116 3156 1279 3221 quae
1322 3158 1615 3200 moerore

611 3239 724 3304 suo
770 3263 845 3303 ex
875 3241 1078 3325 Tityri
1122 3237 1394 3300 absentia
1439 3261 1616 3302 amo-

608 3365 744 3406 rem
797 3341 973 3404 suum
1016 3339 1326 3424 prodebat
1370 3338 1471 3406 vn:
1522 3343 1609 3425 37

1700 2326 1766 2373 et
1805 2313 1921 2372 alia
1959 2316 2263 2376 nonnulla
2302 2321 2374 2378 in
2412 2316 2534 2381 boc
2568 2326 2698 2403 pri-

1696 2434 1805 2476 mo
1850 2421 2122 2480 cannino
2175 2420 2388 2499 paullo
2431 2425 2699 2487 ieiunius

1700 2516 1865 2581 dicta
1893 2519 2090 2583 videri
2129 2517 2401 2603 poss'unt.
2484 2526 2697 2591 Multo

1698 2644 1848 2685 vero
1865 2629 2056 2709 magis
2082 2623 2330 2687 inficeta
2354 2626 2509 2691 baec
2528 2630 2693 2706 sunt,

1696 2722 1744 2788 fi
1770 2747 1908 2788 cum
1938 2727 2068 2790 aliis
2098 2749 2218 2810 per
2249 2730 2503 2792 alteram
2542 2740 2697 2795 ami-

1699 2848 1853 2905 cam,
1886 2831 2237 2908 Mantuam,
2271 2853 2389 2915 per
2415 2837 2692 2913 alteram,

1695 2929 1966 2994 Romam
1985 2935 2281 2997 declarari
2304 2945 2694 3020 pronunties.

1816 3038 1923 3115 34.
1999 3039 2302 3121 Quamuis
2389 3045 2694 3105 iuuencas

1694 3155 1852 3198 vnus
1889 3153 1954 3199 et
1979 3140 2135 3202 alter
2160 3163 2238 3203 ex
2264 3146 2417 3204 meis
2446 3165 2692 3208 armen-

1694 3242 1771 3300 tia
1828 3240 2127 3304 deductus
2195 3244 2574 3307 venderetur
2619 3251 2690 3310 in

1690 3339 1876 3419 vrbe,
1936 3343 2045 3406 aut
2086 3365 2166 3409 eo
2209 3347 2691 3427 deportarentur

608 3446 792 3532 qu.),
820 3443 1236 3509 contubernio
1258 3443 1406 3505 sum.
1435 3446 1609 3507 Ami·
1689 3465 1728 3505 a
1773 3466 1876 3507 me
1928 3443 2101 3508 casei.
2203 3448 2441 3511 Habuit
2478 3464 2690 3515 autem

605 3570 681 3611 ca
714 3569 798 3611 ne
836 3550 943 3612 illa
967 3551 1223 3631 proprie
1263 3549 1456 3624 dicta,
1521 3569 1607 3614 an
1686 3547 1979 3633 Virgilius
2048 3555 2120 3613 in
2184 3555 2393 3614 anixno
2460 3553 2687 3616 Catuli.

609 3673 776 3737 quae
828 3656 898 3715 in
957 3650 1374 3715 contubernio
1409 3649 1600 3729 ‘ess'et,
1683 3652 1843 3728 XX,
1911 3672 1989 3717 ιο
2012 3687 2101 3703 —-
2137 3657 2213 3719 ιδ
2265 3657 2376 3737 (al.
2425 3659 2679 3741 cxlv),

597 3755 892 3819 Romano
928 3754 1137 3831 sensu,
1209 3754 1605 3839 quandoqui·
1680 3751 1729 3816 fi
1759 3757 2014 3840 quidem
2040 3756 2267 3820 Camlli
2294 3779 2542 3823 carmen
2572 3758 2679 3823 est.

599 3856 745 3919 dem
776 3858 1093 3922 seruorum
1136 3879 1272 3920 non
1324 3864 1602 3943 coniugi·
1683 3859 1915 3944 Georg.
1943 3861 2068 3937 111,
2123 3870 2254 3942 4oo
2294 3863 2496 3948 Quod
2515 3862 2680 3943 sicr-

596 3979 705 4019 um
737 3976 901 4036 erat,
946 3961 1054 4024 sed
1094 3961 1595 4038 contubernium,
1674 3979 1878 4040 gente
1914 3963 2029 4025 die
2061 3964 2341 4045 mulsere
2362 3967 2678 4051 hot-isquen

593 4083 730 4126 :non
766 4065 982 4127 dicam.
1024 4065 1223 4144 longo
1243 4064 1390 4146 post
1430 4080 1594 4125 tem-
1674 4065 1968 4138 diurnis,
2060 4069 2268 4132 Nocte
2344 4088 2674 4154 premunt:

573 4186 763 4247 pore,
816 4184 884 4227 vt
923 4190 980 4230 v.
1022 4170 1107 4233 68
1144 4174 1390 4229 iterum.
1477 4169 1583 4229 Sic
1672 4168 1857 4254 quod
1895 4174 2035 4232 iam
2075 4173 2368 4234 tenebris
2413 4189 2481 4235 et
2507 4176 2669 4256 solo

582 4282 771 4330 caneo
796 4270 942 4351 post
970 4273 1085 4334 Ge.
1117 4270 1227 4348 111,
1259 4271 1410 4355 476.
1463 4269 1577 4332 Fa·
1663 4272 1981 4346 cadente,
2024 4276 2155 4337 Sub
2183 4279 2396 4340 lucem
2426 4299 2664 4363 expor-
