3075 5114
570 331 723 407 218
976 323 1627 402 P.VIRGILII
1678 322 2211 398 MARONIS

584 513 837 604 Galle,
911 512 1096 616 quid
1139 511 1461 588 insanis?
1533 516 1821 614 inquit,
1880 471 2008 583 tua
2052 534 2233 585 cura
2273 511 2581 601 Lycoris

582 653 889 750 Perque
966 654 1183 725 niues
1259 648 1490 723 aliurn
1553 670 1848 750 perque
1912 644 2221 718 horrida
2280 640 2512 719 castra
2566 641 2670 719 se-
2753 749 2758 754 ἱ

1838 788 2015 845 cuta
2058 765 2183 842 est.

510 902 517 918 '
590 911 822 985 Venit
866 924 943 981 et
987 901 1247 1004 agresti
1292 908 1553 1004 capitis
1600 904 1948 978 Siluanus
2001 904 2301 978 honore

593 1044 960 1122 Florentis
1002 1039 1275 1115 ferulas
1315 1058 1391 1112 et
1449 1037 1757 1137 grandia
1809 1038 1965 1112 lilia
2011 1034 2373 1139 quass‘anS.

2577 1032 2676 1109 25

596 1180 761 1252 Pan
802 1175 987 1247 deus
1032 1173 1399 1249 Arcadiae
1441 1177 1682 1247 venit:
1765 1197 1994 1278 quem
2037 1173 2354 1246 vidimus
2396 1161 2531 1269 ipsi

600 1313 1044 1411 sanguineis
1091 1309 1295 1383 ebuli
1337 1308 1588 1384 baccis
1634 1313 2025 1409 minioque
2069 1307 2491 1382 rubentem.

607 1494 713 1548 ubl
752 1490 964 1549 venit?
1032 1495 1289 1564 Apollo.-
1343 1495 1531 1550 Galle.
1606 1492 1727 1556 alii:
1785 1508 2027 1566 rogant.-
2088 1492 2216 1547 Ttbt
2253 1499 2415 1545 vente
2443 1492 2696 1560 Apollo..

605 1580 851 1651 Vtroque
892 1577 1056 1632 modo
1099 1581 1268 1635 oratio
1312 1580 1457 1635 exilis
1501 1579 1753 1634 redditur.

607 1669 749 1723 coni.
785 1668 1040 1723 Schottus
1074 1665 1200 1721 obs.
1228 1669 1295 1728 11,
1321 1677 1373 1735 4.
1411 1665 1567 1719 male.

608 1775 710 1829 pro
748 1753 985 1826 ferulas
1027 1754 1197 1807 Goth.
1240 1752 1371 1816 sec..
1431 1752 1519 1805 sed
1553 1751 1657 1805 vid.
1699 1752 1835 1805 Not.

613 1840 816 1896 Barthii
845 1842 898 1892 in
926 1839 1138 1894 Aduers.
1165 1841 1304 1904 xm.
1332 1841 1418 1903 26,
1459 1835 1618 1891 male.

619 1945 732 1998 que
778 1926 979 1980 Medic.

615 2063 909 2148 ἔρωσσοιις
947 2083 1002 2121 ν.
1026 2063 1129 2139 78.
1210 2065 1309 2125 23.
1342 2063 1417 2123 cf,
1444 2085 1503 2126 v.
1534 2071 1620 2142 47

624 2181 691 2226 et
742 2167 1105 2247 Argument.
1208 2171 1306 2241 24.
1382 2163 1624 2243 agresti

624 2269 866 2346 eapitis
943 2265 1253 2325 Siluanus
1337 2266 1622 2340 honore,

626 2384 878 2430 ornatus
951 2366 1107 2427 serto
1179 2389 1216 2428 e
1280 2368 1490 2432 ferulis
1559 2386 1625 2432 et

625 2471 787 2532 liliis.
875 2471 968 2530 Ita
1010 2468 1233 2532 scilicet
1276 2487 1338 2533 et
1381 2494 1417 2533 a
1471 2493 1630 2555 poe-

626 2577 704 2635 tis
747 2588 810 2633 et
853 2577 920 2634 in
964 2574 1169 2654 priscis
1209 2582 1629 2639 monumentis

627 2675 913 2737 Siluanus
951 2675 1308 2753 exhibetur,
1357 2695 1421 2740 vt
1451 2701 1630 2742 coro-

631 2799 781 2839 nam
834 2799 909 2839 ex
962 2780 1285 2843 frondibus
1330 2782 1625 2855 arboreis»,

632 2895 739 2942 aut
812 2882 1148 2964 grandibus
1220 2884 1479 2946 floribus
1564 2901 1630 2947 et

633 2984 1038 3047 arundinibus
1127 3002 1333 3068 gerat,
1434 3008 1630 3048 manu

634 3086 739 3165 (cf.
771 3087 1002 3169 Georg.
1036 3087 1085 3159 1,
1121 3092 1224 3167 ao)
1285 3087 1631 3171 cupress'um

634 3202 738 3248 aut
791 3189 980 3249 alium
1038 3190 1270 3253 arboris
1343 3207 1630 3252 truncum

633 3304 867 3351 teneat.
977 3292 1077 3353 Sic
1139 3314 1371 3355 corona
1443 3297 1632 3376 pinea

635 3407 934 3454 oneratur
988 3396 1055 3453 in
1110 3411 1265 3456 noto
1320 3416 1631 3456 marmore

637 3513 737 3575 ap.
769 3492 1060 3585 Boiffard.
1117 3496 1192 3557 T.
1228 3498 1337 3571 IV,
1382 3521 1446 3580 p.
1489 3501 1628 3575 134,

637 3612 703 3657 et
728 3599 972 3658 Gruter.
1005 3620 1067 3679 p.
1100 3600 1337 3676 Lxm,
1382 3622 1509 3684 quo
1544 3617 1634 3661 ta·-

634 3720 785 3761 men
831 3698 1054 3781 eodem
1109 3699 1322 3764 habitu
1362 3705 1494 3765 Pan
1539 3709 1676 3785 inq

637 3802 884 3863 terdum
916 3800 1166 3885 insignis
1201 3804 1304 3866 est.
1381 3808 1480 3866 Sic
1510 3809 1635 3868 Lu-

639 3920 784 3965 cret.
811 3905 922 3979 IV,
958 3907 1077 3986 591
1098 3949 1118 3978 ,
1174 3929 1362 3990 quem
1396 3908 1637 3992 expres·

636 4002 768 4067 mre
840 4004 901 4067 h.
978 4008 1017 4067 l.
1083 4008 1291 4072 noster
1361 4012 1633 4073 videtur:

640 4110 791 4169 Pan
818 4110 1035 4172 Pinea
1053 4112 1368 4191 semiferi
1401 4117 1640 4196 eapitis

641 4214 984 4274 velamina
1060 4214 1390 4296 quaffans.
1492 4217 1637 4279 add.

1904 1580 1971 1632 23
2011 1580 2231 1649 Perque
2272 1587 2430 1631 niues
2475 1580 2689 1642 Alpum

1722 1673 1792 1733 24
1831 1672 2009 1735 capiti
2031 1665 2245 1735 Menag.
2393 1665 2461 1719 25
2495 1667 2693 1716 violas

1988 1751 2056 1804 26
2093 1749 2357 1804 Arcadia
2398 1766 2497 1804 vet.
2545 1749 2685 1806 Cod.

1752 1852 1820 1905 27
1854 1837 2012 1890 bacis
2038 1851 2090 1890 et
2115 1835 2204 1888 hie
2235 1834 2403 1890 milti.
2484 1845 2691 1890 almio-

1705 2061 1894 2122 Ouid.
1937 2054 2087 2119 Fast.
2129 2055 2193 2131 1,
2236 2064 2380 2136 4¹²·
2436 2056 2546 2131 111,
2590 2060 2692 2137 84.

1705 2166 1938 2224 Eximia
1999 2181 2138 2221 cuni
2193 2157 2507 2221 venustate
2570 2160 2695 2222 hoc

1705 2267 1872 2346 idem
1958 2263 2269 2328 transtulit
2348 2262 2694 2327 Columella

1704 2371 1805 2443 X,
1850 2370 1935 2448 43
2015 2367 2218 2426 Satur
2256 2363 2701 2437 Auctumaus,

1709 2467 2018 2559 quaffcms
2050 2467 2190 2545 fica
2243 2482 2545 2551 tempora
2577 2493 2700 2551 po·

1708 2580 1853 2650 mis,
1897 2589 1962 2637 et
1985 2574 2378 2657 Hymenaeus
2409 2595 2702 2633 marc-en.

1711 2695 1810 2741 ces
1841 2678 2033 2760 cupio
2079 2675 2384 2759 quaffare
2421 2696 2703 2737 coronas

1713 2805 1813 2865 ap.
1877 2780 2202 2842 Claudian.
2270 2779 2525 2852 xxxl,
2595 2783 2699 2859 96.

1713 2886 2008 2945 Ceterum
2049 2888 2117 2942 in
2158 2880 2251 2942 his
2291 2879 2558 2943 versibus
2602 2903 2710 2943 co-

1711 2988 1811 3049 lor
1865 2984 2082 3049 ductus
2138 2983 2259 3049 ess‘e
2326 2986 2571 3045 videtur
2627 2985 2724 3045 ab.

1716 3087 1928 3173 Odyss’.
1974 3115 2041 3160 ω,
2099 3091 2184 3154 58
2237 3087 2366 3171 sqq.
2464 3088 2708 3148 Ferula

1715 3208 1916 3253 autem
1958 3192 2180 3265 frutex,
2236 3191 2397 3252 foliis
2429 3190 2710 3251 foenicu-

1713 3295 1803 3367 lo,
1861 3293 2062 3376 specie
2115 3308 2180 3353 et
2234 3289 2339 3352 vsu
2392 3293 2710 3351 arundini-

1714 3394 1852 3471 bus,
1900 3394 2121 3480 quibus
2163 3414 2281 3476 pro
2320 3392 2551 3455 baculis
2597 3396 2725 3452 vti-.

1715 3520 1885 3574 mur,
1971 3496 2213 3567 similis:
2328 3495 2712 3556 Graecorum

1717 3594 1975 3685 νάρθηξ.
2009 3601 2353 3664 cf.Mertin.
2404 3594 2578 3657 Nihil
2604 3619 2711 3658 au-

1718 3720 1842 3765 tem
1874 3708 2062 3778 noui,
2122 3721 2379 3763 coronas
2421 3721 2494 3759 ex
2527 3718 2730 3759 arun·.

1720 3803 2000 3880 dinibus,
2054 3803 2377 3867 frondibus
2417 3800 2711 3874 arboreis,

1718 3905 1840 3970 ess'e
1883 3908 2087 3968 factas.
2169 3907 2533 3987 Comparari
2560 3924 2740 3986 quo-.

1720 4031 1844 4094 que
1869 4031 2005 4070 cum
2038 4008 2128 4070 bis
2155 4006 2406 4091 poss'unt
2443 4007 2546 4067 illa
2571 4006 2744 4068 Mo-·

1719 4112 1844 4177 schi
1882 4113 2063 4198 Idyll.
2108 4113 2275 4185 xlv,
2310 4113 2392 4176 26
2417 4110 2543 4194 sqq.

1812 4237 1917 4299 ²7·
1956 4214 2322 4285 rubentem,
2360 4216 2435 4276 cf.
2474 4214 2608 4296 sup.
2637 4212 2716 4274 ad
