3075 5114
724 368 1352 472 ,sl-:cynon
1411 367 2026 451 Emmoms
2331 399 2456 468 ,ω

212 640 227 648 -
373 578 753 657 redditam
839 574 987 655 effe
1046 594 1309 656 exacte
1363 573 1844 653 Heinfianam
1923 575 2340 679 'lectionem¹
2403 603 2452 651 a

375 718 847 807 Burmann05
936 736 1085 788 nec
1166 731 1425 791 tamen
1503 711 1726 814 culpa
1805 717 1941 787 viri
2012 710 2224 787 docti
2287 710 2454 804 alia,

376 874 606 951 quam
675 848 886 950 quod
968 845 1401 946 exemplum
1475 871 1637 921 non
1730 843 1895 920 satis
1969 845 2457 921 emendatum

375 989 625 1085 operis
708 982 1023 1057 librariis
1119 980 1652 1057 excudendum
1733 980 2164 1057 tradiderat.
2307 984 2457 1056 Ex·-

370 1137 632 1222 pertus
715 1114 871 1219 ipse
938 1114 1205 1209 didici,
1304 1141 1532 1218 quam
1593 1143 1859 1218 pamm
1931 1135 2095 1192 tuta
2170 1142 2290 1194 res
2343 1114 2455 1211 fit,

374 1251 783 1330 emendare
868 1240 1387 1352 apographum
1477 1280 1715 1355 praue
1797 1270 2218 1343 exaratum,
2324 1269 2457 1325 aut

374 1386 940 1466 emendandum
1015 1385 1443 1488 relinquere
1521 1394 1612 1464 iis
1641 1445 1662 1482 ‚
1767 1393 1900 1490 qui
1973 1385 2311 1462 madidas
2409 1412 2460 1463 e

370 1525 589 1627 prelo
640 1523 930 1599 chartas
992 1525 1366 1623 corrigere
1414 1548 1798 1625 recepere.
1950 1520 2458 1597 Redeundum

370 1663 635 1762 itaque
690 1655 897 1731 haud
966 1655 1196 1731 dubie
1258 1655 1361 1733 est
1416 1659 1515 1733 ad
1561 1655 1994 1733 Heinfianas
2059 1656 2455 1733 editiones.

370 1795 786 1870 Enimuero
842 1795 1071 1866 etiam
1127 1790 1271 1868 hae
1325 1796 1525 1868 inter
1599 1790 1671 1868 l'e
1734 1791 1950 1866 valde
2008 1791 2457 1893 discrepant,

371 1954 556 2005 cum
617 1933 702 2003 in
760 1925 1158 2029 scriptione
1225 1927 1361 2004 seu.
1416 1926 1983 2029 orthographia,
2068 1946 2233 2002 tum
2269 1953 2463 2004 -ma·

369 2068 582 2139 xime
634 2068 719 2151 in
776 2067 1411 2165 interpunctrone.
1585 2043 1988 2139 Constituit
2035 2069 2292 2167 itaque
2345 2069 2462 2140 iu-

258 2214 273 2219 ‘
375 2225 463 2275 re
521 2196 655 2273 suo
733 2199 1148 2276 Brunckius
1222 2225 1529 2278 exarare
1616 2199 2011 2301 Virgilium
2103 2198 2463 2303 scriptura

380 2332 747 2411 constanti
775 2389 796 2428 ,
886 2338 1379 2437 inprimisque
1476 2333 1575 2408 ad
1667 2356 2002 2413 veterem
2089 2339 2463 2415 rationem

372 2488 797 2563 ireuocata3
896 2496 1049 2574 qua
1139 2470 1240 2548 de
1331 2493 1417 2547 re
1512 2469 1699 2574 quid
1769 2470 1954 2545 mihi
2029 2470 2262 2573 longo
2346 2500 2465 2552 re-

386 2631 555 2680 rum
635 2603 761 2681 vsu
854 2606 1133 2686 edocto
1239 2611 1716 2710 compertum
1800 2603 1886 2681 fit
1914 2659 1936 2701 ,
2042 2604 2258 2710 [upra
2336 2634 2464 2687 ex·

316 2727 331 2740 ’
383 2739 617 2845 posui·
2109 2725 2112 2728 ’

587 2878 922 2977 Contigit
1026 2875 1214 2950 mihi
1288 2877 1685 2976 ceteroqui
1770 2898 1862 2950 ea
1958 2870 2296 2968 fortuna,
2391 2897 2469 2955 vt

382 3014 733 3089 lectionis
837 3010 1295 3113 Virgilianae
1384 3009 1691 3084 annales
1782 3008 2051 3084 melius
2133 3009 2471 3090 condere

380 3146 709 3254 poss'em,
774 3172 1002 3248 quam
1050 3151 1131 3220 in
1180 3151 1436 3248 priore
1501 3144 1862 3221 editione.
2017 3146 2215 3219 Cum
2258 3147 2470 3223 'enim

383 3309 654 3361 omnes
723 3281 1030 3386 Aldinae
1091 3283 1192 3359 ad
1253 3263 1519 3356 manus
1593 3280 1992 3373 haberem,
2087 3304 2472 3383 compara.

387 3424 603 3497 tione
660 3418 1001 3519 diligenti
1056 3416 1253 3494 sacta
1304 3417 1677 3510 intellexi,
1758 3393 2093 3507 tertiam,
2166 3440 2213 3489 a
2267 3420 2472 3492 Nau·

382 3558 595 3659 gerio
702 3552 1214 3647 emendatam,
1317 3558 1656 3629 omnium
1757 3548 1904 3627 effe
1982 3549 2474 3629 emendatiffi-

382 3716 626 3783 mam,
707 3707 787 3764 et
851 3686 1135 3763 Heinfii
1204 3714 1435 3790 opera
1504 3688 1951 3790 plerumque
2020 3711 2162 3763 nos
2226 3685 2475 3790 super·

385 3825 648 3904 federe
724 3820 1086 3927 potuiss'e,
1193 3822 1248 3899 fi
1322 3850 1490 3901 eam
1563 3822 1976 3897 editionem
2049 3826 2476 3924 exprimere

336 3943 347 3950 ’
392 3958 767 4039 curaffent
851 3959 1177 4037 editores
1240 3959 1794 4061 insequentium
1848 3976 2316 4059 temporum;
2397 3978 2476 4035 at

347 4140 359 4153 =
396 4096 729 4173 maluere
770 4094 881 4169 illi
913 4095 1010 4171 ad
1056 4101 1367 4199 antiqua
1412 4093 1660 4170 redire
1704 4112 1779 4168 et
1815 4093 2119 4170 Aldinas
2158 4100 2473 4197 prioreS,

399 4232 1012 4338 Florentinasque
1082 4258 1180 4312 ex
1240 4238 1334 4311 iis
1396 4231 1657 4308 ductas
1674 4284 1699 4326 ‚
1780 4230 2260 4310 excudendas
2332 4250 2478 4306 tra·
