3075 5114
673 389 881 459 x'mv
1220 407 1235 418 ·
1306 391 2099 468 PRAEFATIO

486 586 497 599 ’
560 668 575 677 ,
671 618 827 695 que
870 590 957 667 sit
993 614 1202 673 recte
1245 602 1617 697 cogitare,
1684 601 2023 675 recitare
2071 615 2148 673 et
2206 596 2564 691 scribere3
2642 598 2754 672 di-

673 727 966 803 stinctio
1036 735 1240 805 enim
1310 730 1495 805 iusta
1561 737 1942 835 interponi
2015 758 2177 807 non
2215 731 2529 836 potest,
2618 729 2754 807 nili

656 870 1194 943 ‘enuntiatione
1238 868 1321 939 in
1364 886 1612 968 partes
1663 866 1823 944 suas
1868 873 2013 943 rite
2063 867 2419 960 resoluta;
2496 865 2552 943 fi
2595 894 2757 942 non

658 1003 965 1080 ‘calamo
984 1056 1005 1095 ,
1074 999 1331 1076 saltem
1361 1020 1620 1078 mente
1664 1024 1744 1081 et
1781 1010 2061 1081 animo.
2163 1005 2287 1080 Ad
2325 1011 2756 1105 interpunc-

674 1146 962 1214 tionem
1007 1136 1266 1239 itaque
1303 1142 1628 1240 primum
1673 1143 1759 1212 in
1804 1140 2039 1218 altera
2080 1144 2379 1217 minore
2421 1139 2760 1218 editione

675 1279 1041 1349 maiorem
1094 1298 1353 1347 curam
1412 1272 1935 1370 adhibueram,
2033 1294 2195 1351 tum
2241 1275 2756 1379 multomagis

673 1417 757 1513 in
795 1410 940 1484 hac
988 1412 1206 1484 tertia
1256 1407 1616 1484 adhibere
1661 1407 1931 1486 studui.

842 1549 933 1618 ln
973 1542 1305 1619 lectione
1361 1545 1724 1619 mutanda
1781 1570 1988 1621 nunc
2045 1544 2303 1649 paullo
2361 1546 2532 1649 plus
2574 1549 2756 1624 mihi

672 1678 979 1769 indulfi,
1056 1703 1284 1779 quam
1328 1676 1411 1752 in
1458 1679 1631 1754 edd.
1672 1680 2084 1786 prioribus3
2163 1678 2459 1756 frenum
2508 1694 2760 1760 tamen

656 1838 756 1894 ·et
790 1818 917 1891 hic
962 1819 1191 1889 inieci
1229 1818 1547 1915 impetui
1607 1813 2024 1890 rationibus
2089 1820 2308 1891 certis
2355 1817 2556 1919 apud
2603 1826 2764 1893 ani-

586 1986 589 1989 *
671 1978 884 2029 mum
928 1945 1346 2052 propofitiS.
1491 1945 1804 2022 Poffunt
1855 1955 2250 2025 innumera
2292 1976 2466 2025 cum
2515 1952 2758 2056 specie

675 2091 929 2189 aliqua
972 2088 1281 2174 mutari,
1394 2109 1641 2184 pauca
1696 2109 1875 2159 cum
1929 2090 2253 2176 ratione,
2354 2113 2550 2189 quae
2604 2096 2758 2163 vin-

679 2242 839 2313 cat,
890 2225 996 2294 ita
1040 2217 1390 2318 scriptum
1431 2216 1680 2294 suiss'e:
1755 2245 1903 2295 nec
1926 2239 2214 2312 tamen,
2265 2217 2319 2296 si
2353 2248 2526 2300 acre
2565 2226 2758 2299 iudi-
2813 2214 2826 2223 ’

667 2367 883 2437 'cium
932 2352 1286 2429 adhibeas
1303 2406 1324 2443 ‚
1396 2352 1541 2427 alia
1568 2358 1651 2426 in
1682 2374 2123 2431 contextum
2153 2357 2583 2458 recipienda
2615 2358 2762 2437 effe

673 2489 1063 2570 iudicabis.
1180 2487 1514 2563 Plurima
1572 2494 1653 2563 in
1715 2488 1861 2567 hac
1926 2496 2244 2568 critices
2291 2512 2507 2595 parte
2568 2493 2756 2600 sunt,

677 2654 875 2734 quae
920 2625 1018 2699 ad
1061 2628 1342 2725 ingenii
1383 2623 1622 2698 lusum
1662 2651 2023 2704 reuocare
2072 2626 2310 2720 soleo;
2386 2634 2469 2703 in
2495 2631 2757 2733 pletis-³·

678 2792 830 2868 que
891 2787 991 2837 ne
1061 2762 1369 2863 quidem
1425 2758 1890 2862 ingeniosum
1964 2761 2151 2838 satis.
2228 2829 2234 2834 .
2280 2767 2511 2859 Nam,
2579 2794 2754 2843 cum

674 2899 816 2976 fint
857 2903 1283 2991 innumera,
1327 2901 1661 2999 inprimis
1704 2901 1785 2969 in
1828 2903 2110 2996 poetiS,
2169 2902 2248 2971 in
2284 2900 2554 3000 quibus
2586 2929 2755 3004 per-

671 3056 905 3139 petua
944 3030 1091 3107 effe
1129 3030 1360 3107 soleat
1399 3034 1800 3133 scripturae
1839 3037 2191 3124 varietas,
2255 3053 2332 3106 vt
2371 3033 2602 3111 sensui
2645 3029 2753 3111 tass

673 3195 854 3246 men
899 3193 1166 3271 parum
1204 3165 1564 3270 {adeleni
1611 3162 1933 3241 decedat
1980 3164 2105 3241 seu
2149 3168 2496 3260 accedat,
2556 3198 2757 3272 quae

671 3303 980 3380 tandem
1021 3302 1182 3377 laus
1229 3301 1359 3376 illa
1405 3299 1552 3380 effe
1596 3295 1877 3404 potest,
1941 3319 2025 3372 vt
2068 3298 2342 3403 vbique
2386 3302 2598 3377 nullo
2650 3307 2755 3380 ad

672 3439 1105 3542 scriptorem
1169 3435 1419 3513 fructu
1486 3465 1628 3539 pro
1692 3436 1932 3512 altero
1994 3434 2314 3510 alterum
2373 3439 2749 3515 inculces?

669 3578 908 3651 Porro
965 3578 1050 3649 in
1098 3577 1339 3677 poetis
1405 3572 1573 3648 sunt
1636 3591 1842 3649 certa
1902 3569 2444 3672 phantasmata,
2525 3574 2750 3650 verba

670 3709 1067 3801 sollennia,
1154 3709 1486 3811 epitheta
1545 3711 2009 3800 communia,
2099 3734 2328 3809 quae,
2421 3706 2476 3784 fi
2520 3706 2746 3785 semel

665 3849 1031 3938 memoria
1085 3843 1526 3947 complexus
1586 3839 1676 3917 fis
1693 3897 1713 3934 ,
1799 3862 2185 3945 promtum
2241 3842 2382 3935 est,
2470 3843 2748 3946 vbique

665 3977 969 4074 afferre,
1057 3998 1137 4056 et
1185 3978 1371 4054 inde
1429 3978 1556 4054 seu
1600 3976 2146 4054 emendationis
2189 3978 2315 4056 seu
2356 3983 2747 4053 coniectu·
2813 4007 2824 4016 ·

660 4142 828 4209 rae,
859 4114 1258 4208 interdum
1302 4113 1518 4190 valde
1554 4110 2009 4213 ingeniosae,
2077 4119 2468 4190 materiem
2507 4139 2746 4213 quae-

659 4276 848 4330 rere.
970 4250 1192 4329 -Aliae
1232 4254 1714 4354 coniecturae
1761 4246 2144 4351 proficisci·
2173 4248 2409 4326 solent
2458 4273 2553 4325 ex
2599 4248 2739 4324 ser·-
