3075 5114
588 357 719 427 xa
1222 308 2013 407 PRAEFATIO

591 536 832 627 docti,
900 548 1033 607 aut
1058 520 1257 609 sorte
1289 539 1421 637 qui
1463 533 1675 611 docti
1719 531 1851 610 fibi
1883 530 2030 611 effe
2059 533 2535 626 videbantur,
2596 551 2678 609 vt

590 680 672 747 in
711 668 964 746 nostro
1012 666 1348 746 sermone
1390 668 1793 748 remaculo
1815 724 1836 763 ,
1859 640 1869 650 ⁸
1894 668 2237 775 scripsere
2272 677 2326 745 ἰ.
2422 670 2681 745 inelu-

594 826 719 882 tus
761 831 937 881 vera
983 801 1356 880 scribendi
1412 812 1601 881 ratio
1644 779 1786 897 est,
1867 832 2029 893 non
2066 807 2404 901 inclytus
2444 826 2522 882 et
2570 810 2685 880 in-

600 942 845 1018 clitus.
892 946 913 962 ‘
954 938 1415 1023 lacrumae,
1502 967 1664 1015 non
1733 940 2106 1037 lacrymae
2167 961 2247 1017 et
2306 941 2684 1039 lacrimae.

599 1081 842 1152 Porro
887 1099 1046 1149 non
1095 1074 1329 1149 modo
1364 1075 1752 1152 deterioris
1791 1082 1996 1168 aeui,
2063 1102 2322 1151 verum
2363 1079 2513 1150 iam
2546 1078 2710 1183 Ca·-

602 1211 932 1302 tulliani,
980 1228 1060 1282 vt
1089 1236 1135 1284 e
1165 1210 1487 1308 Quintil.
1526 1215 1585 1302 1,
1618 1210 1700 1302 5,
1727 1237 1825 1286 20
1871 1209 2193 1304 constat,
2251 1216 2692 1314 pronuntia-

604 1354 715 1425 tio
767 1351 917 1419 cin
945 1346 1040 1418 ck
1069 1350 1393 1421 mutauit
1416 1349 1519 1445 ‘in
1550 1344 1966 1447 plerisque:
2039 1344 2254 1422 scribi
2286 1345 2480 1422 adeo
2514 1372 2710 1423 coes

605 1488 719 1585 pit
779 1480 1259 1580 lachryma,
1322 1481 1725 1562 anchora,
1815 1481 2193 1583 pulcher,
2245 1482 2693 1582 pulchrior,

585 1615 1128 1719 sepulchrum.
1244 1618 1481 1693 Recte
1521 1613 1919 1717 adspiratio
1952 1622 2033 1690 in
2062 1615 2177 1690 his
2227 1614 2331 1693 est
2361 1594 2693 1717 expulsa3

476 1752 479 1757 ⁴
611 1751 883 1831 eodem
932 1769 1185 1827 tamen
1214 1756 1390 1828 ‚iure
1429 1751 1648 1830 scribi
1696 1750 2060 1827 debu'erat
2091 1752 2411 1853 pulcer,
2478 1770 2587 1842 et,
2638 1748 2726 1824 fi·

610 1913 860 1964 veram
889 1890 1277 1986 antiquam
1306 1892 1678 1961 rationem
1705 1886 1995 1966 seruare
2021 1887 2347 1978 volebas,
2387 1885 2712 1986 polker,

607 2043 685 2097 vt
711 2011 1162 2123 Karc72ago.
1254 2024 1568 2099 Veteres
1596 2026 1919 2097 Romani
1951 2027 2076 2095 tia
2107 2047 2496 2123 nunquam
2520 2045 2718 2121 pro-,

610 2160 1057 2232 nuntiarunt
1096 2175 1175 2229 vt
1206 2159 1391 2229 cia.-
1489 2182 1643 2259 quo
1682 2162 1847 2233 iure
1879 2161 2252 2236 nuncius,
2302 2161 2694 2259 precium,

615 2311 694 2368 et
730 2287 990 2364 similia
1033 2288 1463 2367 scribimus?
1565 2290 1841 2368 scilicet
1893 2316 1990 2367 ex
2042 2288 2312 2367 seriore
2362 2317 2698 2394 pronun·

615 2429 953 2541 tiatione.
1056 2427 1338 2503 Iterum
1377 2445 1659 2503 certam
1689 2432 2060 2502 rationem
2100 2443 2326 2501 nemo
2371 2425 2703 2529 sequitur

612 2565 697 2635 in
737 2560 1001 2636 litteris
1051 2561 1554 2662 geminandis:
1649 2564 1878 2644 litus,
1953 2562 2235 2643 litera,
2321 2560 2700 2644 scribimus

613 2695 812 2775 forte
828 2726 849 2790 3
913 2717 993 2771 at
1032 2724 1167 2772 cur
1213 2724 1373 2773 non
1409 2717 1489 2775 et
1530 2696 1836 2771 belua?
1899 2696 2132 2770 cela?
2199 2697 2362 2770 ile?
2473 2700 2703 2775 Vete-

613 2859 733 2908 res
780 2837 1092 2906 omnino
1141 2834 1412 2910 Graeci
1458 2855 1539 2911 et
1583 2835 1908 2909 Romani
1957 2855 2102 2905 vna
2140 2831 2389 2906 littera
2437 2828 2704 2914 scribe-

608 2968 834 3070 bant,
915 2975 1536 3069 pronuntiatione
1580 2993 1749 3042 eam
1801 2966 2316 3066 geminabant:
2390 2967 2602 3067 quod
2635 2964 2706 3043 fi

618 3099 847 3178 semel
893 3105 1282 3202 antiquam
1326 3106 1700 3176 rationem
1738 3100 2094 3202 sequeris,
2191 3125 2283 3175 ea
2329 3097 2708 3203 sequenda

618 3242 760 3312 erit
801 3240 883 3309 in
929 3236 1318 3327 omnibus,
1363 3235 1752 3338 adeoque,
1789 3233 1860 3312 ὦ
1886 3232 2141 3315 baca,
2190 3238 2419 3309 etiam
2456 3261 2700 3315 vaca,

616 3369 935 3445 bucina.
1042 3372 1118 3446 Si
1158 3390 1435 3471 poetae
1476 3372 1761 3447 litteras
1805 3373 2220 3472 geminant,
2307 3389 2387 3445 vt
2432 3368 2705 3465 syllaba

611 3503 1114 3606 producatur,
1180 3504 1530 3608 scriptum
1573 3507 1825 3582 videas
1864 3503 2284 3609 promiscue
2324 3523 2716 3607 quatuor,

615 3638 1010 3749 relligio,¹
1047 3651 1127 3718 et
1168 3645 1565 3744 Iuppiter,
1626 3643 1780 3718 hoc
1810 3640 2129 3716 alterum
2171 3645 2398 3714 etiam
2437 3666 2724 3742 perpe-2

612 3800 775 3848 ram
791 3829 811 3868 ,
858 3801 1033 3848 nam
1064 3777 1381 3877 primam
1421 3782 1503 3853 in
1532 3782 1835 3880 Iupiter
1865 3800 2241 3878 nusquam
2274 3794 2707 3877 correptam

611 3910 803 4003 vidi,
878 3928 959 3986 et
1005 3908 1109 3987 est
1152 3932 1539 3991 contracta
1581 3941 1731 3990 vox
1773 3939 1870 3989 ex
1925 3914 2365 4011 Iouispater.
2465 3927 2728 3992 rectu-¹

501 4117 515 4124 ,
614 4045 714 4117 lic
758 4044 1072 4123 indocte
1120 4044 1368 4145 scribi,
1415 4049 1676 4126 docuit
1720 4049 1830 4124 10.
1864 4043 2255 4122 Schrader.
2363 4048 2730 4143 Quanto-„

614 4204 801 4282 pere
856 4180 1176 4284 fluctuat
1229 4182 1588 4289 scriptura
1643 4188 1728 4260 in
1785 4178 2304 4287 sequentibus:
2372 4179 2703 4282 sequor,
