3075 5114
266 1446 271 1453 -
351 1422 498 1481 apes
516 1422 532 1460 t

644 379 1345 460 GEORGICON
1400 374 1604 447 LIB.
1641 372 1781 461 IV,
1815 368 1993 444 230.

343 578 452 640 ora
470 601 505 656 3·
534 574 769 637 habens
803 594 912 636 ora
941 568 1168 654 sparsa,
1226 565 1335 627 ad-

339 680 559 763 spersa,
619 679 897 762 prolata,
950 696 1128 759 aqua.
1214 672 1333 732 Ex·

339 786 555 867 pedita
630 781 926 843 hactenus
996 777 1333 841 sententia;

340 887 447 949 sed
533 887 746 970 quaeri
830 902 1001 943 nunc
1095 874 1330 960 potest,

341 991 633 1074 quorsum
675 986 796 1049 hoc
836 987 999 1046 sactu
1038 1002 1195 1062 opus
1240 975 1331 1038 fit.

340 1094 720 1164 Statuebam‚
775 1086 1034 1149 cauffam
1063 1082 1204 1158 esse,
1248 1101 1334 1143 ne

2256 361 2411 459 697

1416 563 1517 624 vel
1543 557 1625 623 fic
1654 579 1789 620 non
1816 556 1955 618 satis
1981 556 2175 634 patet,
2219 569 2414 634 quor-ff

1415 665 1546 727 sum
1583 666 1758 747 graui
1786 661 1967 722 odori
1998 676 2217 717 cauere
2252 672 2411 732 opus

1417 764 1537 829 esse
1570 766 1869 826 creditum
1896 763 2102 831 fuerit,
2145 777 2285 816 cum
2311 755 2410 812 fu·

1415 890 1551 930 mos
1589 869 1900 929 meliarina
1940 884 2093 948 prae
2135 860 2194 921 se
2250 859 2412 919 ferat

1416 992 1626 1034 manu.
2119 1043 2128 1058 ι

1501 1078 1752 1138 Seruius
1784 1078 1868 1134 ita
1900 1073 2169 1153 accepit:
2225 1069 2416 1138 „Ore

341 1217 451 1259 ora
494 1195 657 1255 male
688 1194 921 1254 olentia
958 1186 1108 1260 siut,
1163 1182 1338 1268 quod
1405 1180 1620 1262 sone,
1685 1176 1846 1262 ipsos
1886 1171 2130 1236 haustus
2170 1172 2412 1235 scilicet.

344 1299 656 1360 foetorem
749 1295 910 1354 ferre
1013 1302 1339 1372 nequeunt

629 1396 802 1481 quod
865 1408 1103 1454 veteres
1171 1393 1338 1450 miris

347 1504 553 1565 modis
585 1506 651 1561 in
678 1498 1038 1558 miraculum
1078 1510 1340 1560 auxere3

353 1608 430 1666 cf.
468 1608 646 1665 Varr.
686 1602 794 1674 111,
847 1603 942 1672 16,
977 1602 1038 1662 6.
1094 1596 1338 1658 Colum.

352 1709 466 1777 lx.
506 1717 601 1786 14,
636 1709 692 1770 3.
736 1706 942 1785 Geop.
969 1701 1119 1775 XV,
1148 1721 1207 1772 2,
1243 1717 1339 1776 ¹9·

355 1813 419 1885 3,
462 1819 527 1891 4,
572 1810 783 1894 ibique
823 1808 1049 1867 Niclas.
1146 1804 1344 1862 Fauet

353 1913 485 1975 vsus
563 1914 903 1997 loquendi:
1000 1929 1149 1970 nam
1213 1904 1341 1985 sup.

352 2018 446 2092 11,
502 2021 619 2096 134
684 2019 946 2075 animas
984 2027 1050 2072 et
1094 2009 1344 2069 olentia

352 2120 543 2181 Medi
578 2122 715 2179 Ora
740 2119 994 2198 fouent
1025 2115 1176 2181 illo,
1214 2131 1345 2171 ma·
1390 2180 1393 2187 Ι

1419 1285 1501 1343 Et
1568 1280 1689 1343 hoc
1760 1280 1941 1339 dicit:
2044 1276 2414 1358 spargendo

1423 1405 1652 1468 aquam
1737 1385 1976 1461 imitare
2057 1381 2352 1461 pluuium.
2372 1383 2419 1418 ‘⁶

1423 1487 1742 1548 Praeclare
1814 1484 1892 1544 ad
1973 1483 2163 1563 ipsam
2245 1501 2418 1553 rem:

1422 1610 1571 1651 nam
1599 1588 1796 1648 solere
1826 1589 2088 1667 apiarios
2121 1583 2246 1645 hac
2287 1601 2421 1647 arte

1425 1690 1681 1775 aggredi
1749 1709 1932 1771 apes,
2033 1700 2102 1747 vt
2163 1708 2266 1749 eas
2340 1709 2419 1749 ex

1427 1796 1688 1856 aluearis
1755 1806 1964 1873 parte,
2052 1811 2177 1873 qua
2240 1791 2419 1853 fanos

1424 1895 1671 1959 recisuri
1710 1894 1866 1969 sunt,
1909 1894 2147 1975 fugent,
2191 1908 2419 1955 notum

1426 1997 1549 2069 est;
1611 2015 1676 2060 et
1714 1998 1985 2082 sequitur
2028 1997 2214 2057 altera
2255 1995 2418 2057 fimi-

1425 2105 1500 2165 lis
1541 2103 1738 2175 fraus,
1780 2118 1847 2162 vt
1888 2102 2089 2161 fumus
2128 2104 2418 2161 immitta-

352 2225 418 2285 lo
441 2222 714 2283 Medico.
799 2220 882 2279 Et
910 2213 1224 2277 credidiss’e
1255 2216 1348 2272 vi·
1429 2222 1562 2278 tur;
1603 2205 1935 2288 solitosque
1974 2202 2096 2264 hoc
2129 2205 2297 2265 idem
2327 2206 2421 2265 fa-

357 2328 584 2389 dentur
622 2338 895 2395 vetera,
949 2323 1044 2394 ei,
1114 2320 1221 2400 qui
1268 2315 1348 2375 ad
1432 2330 1572 2371 cere
1635 2324 1908 2381 veteres,
1990 2329 2066 2370 ex
2124 2308 2421 2390 Geopon.

358 2450 529 2511 apest
566 2424 920 2497 accederet,
1007 2420 1348 2482 videndum
1428 2412 1575 2484 XV,
1611 2415 1674 2484 6,
1715 2432 1741 2471 1
1795 2410 2202 2493 suspicabatur
2227 2411 2426 2473 Beck·
2531 2408 2532 2411 ’

359 2529 482 2596 effe
495 2575 516 2607 ‚
608 2550 692 2592 ne
757 2532 928 2614 graui
981 2525 1179 2589 odore
1248 2542 1352 2584 eas
1431 2536 1645 2577 mann.
1686 2515 1924 2601 collega
1952 2518 2264 2577 coniunct.
2305 2511 2427 2575 hac

359 2634 731 2699 offenderet.
833 2629 1160 2692 Columell.
1222 2625 1350 2700 IX,
1434 2619 1615 2701 super
1654 2641 1722 2680 re
1762 2638 1796 2677 a
1841 2640 1942 2679 me
1987 2619 2427 2700 compellatus:

369 2749 480 2819 14,
522 2741 564 2801 5
622 2737 874 2799 Verum
913 2736 1201 2812 maxime
1244 2751 1355 2788 cu·
1432 2721 1706 2805 sequitur
1746 2723 2028 2786 Seruium
2069 2721 2306 2794 Cerda,
2362 2737 2430 2783 et

341 2839 772 2922 stadiendum
808 2835 898 2916 est
935 2835 1234 2897 curatori
1264 2862 1351 2882 —
1433 2830 1555 2889 iam
1586 2840 1728 2887 ante
1756 2847 1896 2886 eum
1924 2826 2110 2887 Iulius
2138 2822 2426 2898 Sabinus,

362 2948 466 3005 vti
508 2945 847 3004 abstineat
881 2941 1043 3023 fere
1079 2936 1169 2996 ab
1218 2955 1353 2996 om-
1437 2949 1626 3011 quem
1706 2929 2052 3009 pleniorem
2139 2929 2428 2990 Seruium

362 3046 558 3106 nibus
595 3044 1044 3105 redolentibus
1070 3040 1355 3120 asculen·-
1439 3052 1583 3091 cum
1624 3029 1831 3092 Probo
1874 3027 2145 3093 habuiss‘e
2189 3031 2427 3114 liquet:

365 3152 454 3211 tis
490 3184 578 3199 —-
622 3152 911 3232 itemque
936 3142 1357 3226 foetentibus
1436 3135 1683 3210 „Fumo
1758 3135 2051 3220 fugantur
2127 3154 2274 3215 apes
2351 3154 2430 3195 ex

369 3255 754 3314 acrimoniis
803 3251 951 3309 allii
1005 3250 1118 3308 vel
1166 3265 1358 3327 cepa-
1441 3240 1663 3306 alueis:
1721 3252 1787 3297 et
1825 3235 2149 3320 postquam
2180 3237 2430 3319 fugatae

370 3377 519 3419 rum
580 3372 1082 3436 ceterarumque
1138 3368 1361 3411 rerum
1442 3341 1618 3416 sunt,
1675 3340 1989 3423 aspergine
2038 3361 2235 3424 aquae
2282 3362 2433 3404 con..

349 3460 692 3539 smilium.
748 3456 982 3517 Pallad.
1023 3456 1133 3530 IV,
1183 3457 1280 3527 15,
1316 3459 1363 3531 4
1445 3445 1809 3529 globantur,
1896 3458 1962 3505 vt
2009 3464 2143 3506 non
2187 3460 2435 3516 errent:

371 3568 563 3625 Haec
598 3598 685 3611 -
727 3559 986 3641 efficies,
1041 3558 1253 3638 castus
1295 3570 1364 3615 ec
1445 3547 1569 3610 hoc
1598 3548 1742 3608 ideo
1770 3546 1838 3608 fit
1846 3590 1868 3621 ,
1910 3561 1978 3608 vt
2008 3563 2251 3610 exemto
2282 3549 2437 3611 mel·

355 3668 664 3750 sobrius,
735 3680 802 3724 et
838 3665 1096 3723 alienus
1134 3683 1182 3720 a
1226 3658 1368 3718 bal·
1443 3652 1507 3712 le
1540 3650 1775 3710 facilius
1805 3651 2146 3713 inferantur
2177 3653 2437 3728 alueis‘ss

379 3776 523 3832 neis
595 3767 967 3850 (crescentii
1007 3765 1219 3827 libert·
1276 3760 1366 3820 ab
1448 3769 1513 3815 et
1542 3753 1755 3835 paullo
1786 3752 1955 3835 post:
1999 3755 2244 3837 „form⁹
2287 3775 2440 3819 con-

376 3875 598 3959 alliis)
645 3873 757 3932 vel
795 3892 841 3930 a
879 3868 1041 3930 cibis
1079 3866 1371 3935 aot-ibus,
1449 3861 1584 3918 tine
1613 3861 1683 3917 in
1717 3856 1996 3919 faucibus
2040 3874 2170 3921 tum
2208 3858 2443 3942 sparsus

381 3995 450 4040 et
494 3976 718 4039 odoris
759 3970 1085 4034 immundi
1094 3987 1119 4041 ,‘
1166 3986 1372 4056 atque
1453 3958 1700 4023 haustus
1732 3969 2101 4043 aquarum.“
2173 3965 2260 4025 Vt
2285 3962 2441 4024 haec

384 4081 685 4143 omnibus
702 4077 1150 4159 saffamentis.
1216 4076 1373 4156 Qui·
1453 4067 1889 4147 interpretatio
1934 4067 2143 4128 locum
2189 4066 2438 4140 habeat,

379 4183 496 4245 bus
536 4184 792 4267 quidem
845 4184 998 4245 locis
1045 4179 1201 4243 nihil
1249 4175 1372 4240 esso
1459 4169 1813 4252 adoptando
1874 4167 1962 4232 est
2018 4172 2210 4234 altera
2257 4172 2449 4242 lectio

376 4284 581 4368 potest
624 4291 913 4369 apertius.
1011 4288 1372 4359 Enimuero,
1455 4270 1723 4354 haustus
1750 4296 2078 4360 aquarum
2107 4276 2446 4357 erasmae:
