3075 5114
601 371 753 466 590

1010 359 1101 430 P.·
1148 349 1644 430 VIRGILII
1704 347 2229 423 MARONIS

594 560 794 652 Ergo
847 554 1041 622 inter
1082 541 1224 618 sese
1270 536 1574 642 paribus
1625 559 2084 611 concurrere
2144 533 2309 607 telis

594 693 974 765 Romanas
1015 684 1212 755 acies
1260 683 1536 751 iterum
1576 669 1831 746 videre
1861 671 2223 771 Philipp13

594 870 607 893 ²
682 874 831 952 489.
888 865 1061 927 Haec
1104 848 1390 944 prodigia
1441 857 1600 932 inse-

556 993 867 1064 -quutum
925 965 1045 1029 ess'e
1102 972 1188 1026 ait
1240 964 1473 1023 bellum
1515 966 1599 1022 ci·

598 1082 758 1156 ¹vile,
826 1073 1057 1156 praelio
1121 1067 1200 1128 ad
1245 1064 1597 1146 Philippos,

600 1181 1014 1248 Macedoniae
1059 1172 1369 1242 adiectae,
1449 1168 1602 1228 olim

599 1284 943 1353 Th'raciae,
1006 1276 1223 1336 vrbem
1262 1259 1599 1341 commiffO,

603 1405 668 1452 et
713 1389 885 1446 Bruti
935 1375 1241 1459 Caffiique
1285 1394 1441 1433 nece
1486 1391 1604 1430 no·

600 1492 939 1564 bimatum,
1046 1483 1301 1541 Poetica
1356 1479 1604 1536 ratione

595 1801 860 1885 ‘quidem
899 1797 1142 1854 iterum
1187 1799 1605 1848 concurrere,

602 1903 941 1965 Romanoa
974 1894 1233 1953 alterum
1273 1886 1601 1970 praelium,

605 2002 747 2089 post
773 2000 925 2061 illud
964 2003 1033 2056 in
1071 1997 1278 2075 priore
1308 1986 1476 2050 bello
1516 1990 1600 2044 ci-

603 2108 713 2190 yili
773 2105 852 2163 ad
905 2097 1252 2160 Pharsalum
1298 2089 1597 2160 habitum,

605 2214 773 2272 inter
815 2205 876 2266 se
935 2199 1155 2263 secisse.
1274 2195 1413 2256 Nec
1471 2190 1601 2250 diis

592 2314 782 2397 ficit,
834 2305 1023 2366 visum
1058 2301 1177 2374 est,
1229 2296 1604 2376 indignum,

608 2422 914 2497 iniquum,
956 2427 1095 2489 pro,
1136 2409 1208 2463 iis
1243 2403 1494 2484 placuit,
1534 2403 1604 2457 in

610 2520 841 2584 eodem
892 2509 1301 2574 Macedoniae
1372 2522 1567 2587 regno
1581 2543 1601 2575 ,

608 2622 794 2697 latius
837 2630 1126 2696 acceptO,
1210 2609 1304 2670 bis
1347 2606 1607 2689 stragem

608 2731 1041 2793 Romanorum
1066 2714 1215 2775 steri.
1292 2711 1610 2777 Emathia

612 2828 1028 2895 Macedoniae
1096 2815 1183 2879 est
1246 2835 1426 2897 pars,
1527 2811 1610 2871 ad

567 2922 804 3019 ''quam
846 2929 1100 3011 proprie
1142 2942 1262 2983 nec
1296 2915 1608 2979 Pharsalus

613 3058 735 3101 nec
764 3030 1034 3111 Philippi
1073 3027 1289 3087 referri
1322 3017 1608 3104 poss'unt3

615 3139 724 3203 sed
760 3150 986 3220 poetae
1014 3133 1196 3191 latius
1234 3147 1314 3187 eo
1348 3126 1608 3185 nomine

614 3249 804 3306 etiam
842 3259 961 3319 pro
991 3229 1294 3295 Theffalia
1339 3240 1606 3287 Vtuntur.

612 3347 910 3408 Hamus
950 3358 1128 3401 mons
1170 3331 1256 3395 est
1282 3330 1608 3401 Thraciae,

618 3454 718 3512 cui
750 3447 998 3526 poetica
1028 3445 1269 3501 ratione
1297 3434 1437 3497 vrbs
1466 3431 1612 3492 Phi-

616 3552 777 3634 lippi
834 3548 1142 3609 subiacere
1200 3541 1319 3600 dici
1386 3533 1609 3619 potest.

616 3657 852 3720 Lucan.
871 3652 919 3720 1,
940 3650 1063 3731 675
1108 3647 1409 3726 latosque
1434 3640 1614 3699 Hae-

618 3760 713 3821 'mi
784 3754 919 3832 fieb
999 3770 1163 3832 rupe
1252 3744 1611 3826 Philippos.

598 3862 746 3934 .1X,
797 3878 916 3937 271
981 3850 1323 3912 Emathios
1366 3849 1615 3930 Philip-

614 3985 738 4048 pos
819 3963 989 4022 dixit.
1145 3956 1375 4037 Magna
1470 3969 1613 4034 pars

618 4068 921 4131 Thraciae
976 4063 1124 4124 olim
1164 4057 1614 4120 Macedonibus

617 4176 839 4256 paruit.
959 4168 1113 4226 Satis
1169 4163 1351 4225 nobis
1411 4161 1615 4220 decla·

546 4326 555 4331 -
616 4273 774 4342 taffo
839 4274 1124 4334 videmur
1189 4270 1311 4328 loci
1372 4266 1614 4326 senten·

2528 675 2678 764 490

1684 862 1851 918 tiam.
1926 854 2024 915 Ad
2050 853 2322 914 virorum
2353 850 2680 914 doctorum

1683 963 2120 1022 contentiones
2146 955 2514 1017 descendere
2544 973 2682 1014 non

1684 1060 2032 1145 poss'umuS,
2080 1080 2251 1144 quae
2283 1063 2544 1119 maxime
2586 1078 2683 1120 er-

1683 1169 1812 1226 rori
1842 1164 2180 1240 debentur,
2236 1160 2407 1245 quod
2447 1154 2516 1225 τὸ
2561 1163 2683 1218 iee-

1687 1283 1835 1326 rum
1883 1283 2022 1325 cum
2058 1263 2285 1324 videre
2314 1263 2678 1347 iungebant,

1685 1390 1822 1432 non
1923 1385 2162 1428 uerum
2263 1384 2677 1426 concurrere.

1686 1473 1917 1535 Inserta
1980 1468 2066 1531 est
2118 1490 2395 1552 nuperae
2450 1469 2682 1528 Roma·

1686 1597 1809 1637 nae
1866 1576 2125 1636 editioni
2182 1575 2370 1634 etiam
2427 1569 2549 1631 hoc
2599 1569 2680 1632 de

1686 1681 1828 1742 loco
1869 1680 1982 1737 viri
2013 1677 2177 1737 docti
2209 1676 2579 1755 disputati03
2619 1687 2684 1732 et

1689 1783 1807 1842 alia
1864 1774 2288 1840 Holdsworthi
2360 1777 2462 1852 (in
2505 1776 2678 1853 Diffi

1687 1903 1864 1962 upon
1921 1878 2145 1956 Virgil
2199 1897 2265 1958 p.
2316 1879 2443 1954 375
2500 1876 2679 1959 sqq.),

1685 1991 1795 2070 qui
1859 1983 2040 2044 binos
2112 1979 2432 2060 Philippos
2501 1976 2679 2039 fuiss'e

1683 2110 1824 2150 cum
1852 2081 2242 2156 obseruass'et,
2286 2081 2540 2164 alteram
2581 2101 2679 2138 vr·
2798 2150 2809 2161 .

1683 2189 1827 2253 bem
1861 2190 1942 2249 ad
1969 2189 2384 2271 Strymonem,
2424 2184 2678 2242 alteram

1683 2315 1818 2356 non
1855 2295 2043 2374 longe
2087 2310 2120 2348 a
2158 2286 2444 2348 Pharsalo
2486 2282 2679 2345 Thes-

1684 2399 1864 2459 saliae
1911 2401 2071 2455 circa
2102 2389 2352 2453 Thebas
2394 2386 2679 2461 Phthiae,

1688 2519 2008 2584 Vtramque
2040 2517 2074 2556 a
2105 2510 2292 2578 poeta
2322 2489 2534 2574 respici
2565 2501 2682 2574 pu·

1689 2606 1894 2688 tabat3
1934 2607 2084 2662 mira
2111 2600 2353 2681 prorsus
2383 2591 2682 2677 ambigui-

1692 2726 1846 2782 tate,
1912 2723 1976 2769 et
2001 2704 2130 2765 lusu
2162 2717 2335 2762 tanto
2367 2713 2555 2779 poeta
2585 2701 2680 2756 in·

1694 2816 1904 2896 digno.
2003 2810 2080 2882 ln
2153 2804 2411 2887 Virgilio
2473 2816 2683 2860 tamen

1691 2936 1880 2977 nemo
1924 2909 2238 2982 haerebit,
2330 2908 2438 2991 qui
2493 2907 2683 2961 inter·

1687 3021 2106 3101 pretationem
2138 3025 2305 3091 recte
2337 3006 2681 3068 instituerit.
2788 3084 2798 3093 1

1691 3120 2022 3192 Manilius,
2094 3118 2204 3199 qui
2257 3111 2425 3172 hunc
2473 3110 2682 3169 locum

1691 3230 1760 3285 in
1789 3208 2058 3284 extrema
2093 3217 2236 3279 libri
2279 3216 2465 3297 primi
2506 3226 2684 3293 parte

1694 3343 1841 3394 ante
1874 3322 2084 3395 oculos
2114 3319 2362 3391 babuit,
2418 3316 2685 3377 eandem

1692 3434 2001 3513 poeticam
2027 3430 2334 3486 rationem
2374 3418 2684 3499 amplexus

1693 3534 1907 3617 paullo
1950 3531 2231 3590 licentius
2275 3522 2520 3585 extulit:
2584 3516 2688 3577 Ci-

1695 3638 1860 3697 vile-5
1906 3637 2108 3693 etiam
2173 3643 2387 3688 motus
2443 3641 2689 3699 cogam

1697 3757 1900 3823 caque
1927 3737 2103 3796 bella
2132 3724 2533 3813 Significanc'
2557 3722 2688 3804 (co-

1696 3859 1900 3905 metae
1963 3839 2088 3902 fiue
2160 3836 2278 3895 alia
2357 3830 2684 3907 meteora),

1697 3931 1820 4009 tier:
1869 3946 2075 4026 plura
2134 3940 2308 3999 alias
2376 3929 2691 3994 incendia

1699 4050 1984 4115 mundus
2055 4041 2400 4121 Sustinuit,
2449 4052 2692 4119 ·quam

1699 4179 1845 4216 cnm
1885 4149 2159 4214 ducibus
2189 4148 2417 4205 iurata
2457 4158 2691 4198 cruen-

1698 4266 1784 4320 tis
1807 4261 2025 4319 Arma
2055 4250 2429 4331 Philippeos
2463 4240 2693 4322 imple·
