3075 5114
591 355 1303 433 GEORGmON
1349 359 1553 431 Lm.
1599 340 1703 449 11,
1746 356 1993 431 130-
2027 369 2163 446 142
2314 373 2456 453 441

363 548 530 618 Nec
569 544 1205 644 pulcerGangeS,
1256 562 1488 645 atque
1522 570 1708 619 auro
1738 545 2077 621 turbidus
2106 538 2452 645 Hemina,

362 678 749 752 Laudibus
779 677 1037 753 ltaliae
1063 696 1390 767 certent3
1447 704 1608 753 non
1639 682 1932 789 Bactra,
1979 698 2232 784 neque
2257 690 2448 782 Iudi,

361 817 716 914 Totaque
759 813 1086 889 turiferis
1128 813 1505 887 Panchaia
1548 819 2153 914 pinguis,arenis.

360 952 574 1023 Haec
614 948 784 1023 loca
825 972 988 1020 non
1031 952 1229 1020 tauri
1261 945 1612 1048 spirantes
1653 949 1955 1025 naribus
1985 956 2236 1049 ignem
2299 967 2440 1043 140

357 1086 780 1172 Inuertere‚
891 1079 1056 1155 satis
1109 1086 1429 1154 inmanis
1480 1082 1828 1157 dentibus
1881 1084 2131 1179 hydri3

352 1221 520 1292 Nec
560 1216 793 1318 galeis
852 1215 1248 1317 denfisque
1301 1222 1544 1289 virum
1597 1214 1794 1317 seges
1853 1218 2147 1295 horruit
2186 1222 2437 1300 hastis:

493 1413 587 1481 137
626 1431 771 1464 aura
796 1411 993 1466 Medic.
1027 1429 1058 1463 a
1081 1430 1151 1463 m.
1181 1429 1260 1481 pr.
1334 1427 1433 1463 aue
1461 1429 1605 1463 auro
1633 1410 1840 1464 zulich.
1869 1428 1922 1465 vt
1952 1413 2043 1476 IV,
2069 1432 2106 1485 9
2171 1437 2437 1488 neque..-

350 1513 470 1550 aut.
518 1499 759 1551 Variatur
792 1514 969 1551 tamen
996 1495 1140 1548 haud
1170 1514 1270 1548 vno
1297 1495 1463 1548 modo
1505 1498 1716 1567 negatio
1756 1500 1955 1552 iterata.
2044 1520 2226 1568 neque
2262 1506 2433 1560 Goth,

351 1581 450 1635 fec.
484 1602 513 1635 a
540 1603 610 1635 m.
648 1603 725 1654 pr.
873 1585 967 1636 138
998 1596 1214 1633 certant
1241 1584 1388 1637 Leid.
1427 1600 1458 1634 a
1487 1601 1558 1633 m.
1590 1584 1687 1635 sec.
1760 1602 1864 1636 nec
1887 1571 2033 1637 'Inde
2059 1602 2284 1655 quatuor
2311 1611 2435 1665 pum

351 1669 573 1722 Donato
621 1668 688 1721 ad
714 1670 837 1721 Ter.
881 1667 1094 1719 Phorm.
1126 1669 1190 1727 u,
1229 1685 1271 1728 ι,
1309 1677 1386 1733 ¹4·
1531 1668 1630 1738 139
1666 1669 1824 1720 Putes
1866 1667 1966 1720 ess'e
2007 1669 2238 1723 Tamne.
2326 1676 2434 1729 Sed

352 1756 553 1808 variant
584 1771 772 1827 poetae
798 1753 892 1805 has
918 1753 1137 1825 copulas
1168 1752 1345 1805 multis
1378 1749 1570 1813 modis,
1611 1768 1662 1806 vt
1694 1751 1828 1805 nihil
1853 1769 1969 1807 tuto
1997 1752 2219 1808 statuere
2247 1759 2425 1829 pollis.

358 1852 455 1907 140
496 1858 599 1891 nec
640 1855 677 1892 ι.
723 1840 920 1892 Medic.
965 1856 1092 1890 am.
1120 1837 1219 1891 sec.
1272 1837 1558 1909 spirantis
1589 1836 1807 1891 Mentel.
1856 1838 1981 1890 duo.
2105 1851 2193 1908 ¹4¹
2235 1851 2433 1898 imma-

356 1945 457 1980 nes
485 1942 607 1979 ante
623 1925 823 1989 Heius„
853 1923 1007 1978 male.
1060 1932 1295 1978 hnmani
1311 1923 1477 1977 Goth.
1496 1941 1575 1994 pr.
1630 1923 1829 1997 hydris
1844 1923 2041 1980 Medic.
2138 1939 2231 1996 142
2252 1934 2431 2002 galea

348 2115 483 2154 rum
501 2136 524 2167 ,
640 2114 793 2177 quas
873 2106 1017 2153 ante
1091 2092 1345 2154 dixerat.
1430 2112 1616 2175 quam
1651 2112 1725 2153 ex
1756 2091 1942 2151 Ennii
1969 2093 2279 2160 Euemero
2308 2120 2427 2162 no·

357 2199 496 2275 ¹37·
569 2216 738 2257 auro
814 2192 1117 2256 turbidus
1175 2198 1346 2254 Her·
1425 2210 1521 2254 rat
1539 2195 1850 2277 Virgilius.
1885 2195 1961 2254 cf.
1986 2196 2175 2261 Diod.
2208 2202 2284 2273 V,
2312 2211 2421 2281 41,

350 2317 495 2356 mus
561 2319 677 2378 per
739 2303 1022 2383 oxymori
1078 2298 1343 2379 speciem

347 2420 467 2482 pro
511 2401 753 2460 aurifer.
833 2397 1134 2482 Expreffit
1177 2399 1343 2461 hunc

346 2501 556 2563 locum
613 2503 907 2564 Martialis
961 2503 1338 2587 Epigramm.

345 2605 514 2679 VIII,
559 2608 642 2684 78
709 2603 975 2663 turbato
1013 2605 1340 2683 sordidus

343 2728 512 2767 auro
585 2709 888 2766 Hermus.
1020 2707 1340 2768 Subtiliter

342 2791 537 2892 magis
616 2829 803 2892 quam
891 2831 1036 2871 vere
1117 2827 1339 2878 monet

341 2912 694 2973 Drackenb.
741 2913 818 2973 ad
861 2913 1079 2972 Silium
1120 2913 1172 2986 1,
1214 2918 1334 2994 159

341 3015 641 3075 Hermum
677 3014 989 3074 turbidum
1026 3036 1160 3076 non
1200 3015 1331 3090 sun,

340 3115 445 3176 sed
472 3136 622 3176 auro
651 3138 766 3196 per
793 3117 1109 3178 Pactolum
1137 3118 1329 3191 illam,

338 3216 673 3300 fignificari.
743 3222 1024 3286 Bactra,·
1066 3220 1333 3279 Bactria-

338 3341 519 3394 nam,
587 3336 902 3403 tamquam
944 3321 1331 3402 splendidum

333 3444 571 3486 :nomen
638 3444 982 3484 memorare
1049 3425 1324 3494 videtur3

336 3526 445 3591 etfi
474 3543 537 3588 et
566 3527 663 3588 illa
696 3542 855 3587 terra
882 3530 1043 3587 inter
1065 3522 1324 3587 feliciffi-

334 3651 462 3691 mas
505 3627 627 3700 est:
692 3634 892 3696 etiam.
927 3630 1097 3688 Oxus
1137 3631 1206 3687 in
1246 3648 1322 3688 ea

333 3753 549 3793 aurum
579 3730 801 3792 vehere
830 3732 1059 3793 dictus:
1099 3730 1177 3790 de
1201 3730 1323 3788 Mi-

330 3834 463 3896 rab.
507 3834 677 3894 Ausc.
729 3838 831 3910 46.
962 3834 1099 3912 139.
1144 3831 1322 3889 Pan-

333 3937 564 4008 chata,
631 3936 893 4002 Arabiae
935 3941 1147 4019 regio,
1214 3932 1321 3995 seu

305 4038 558 4102 ·'.Arabia
584 4057 754 4098 nunc
784 4036 898 4108 est;
935 4041 1189 4120 proprie
1223 4041 1321 4096 in-

330 4140 456 4203 sula
494 4138 765 4201 fabulosa
791 4142 1112 4212 Euemeri,
1167 4142 1342 4204 Ara-r

267 4321 273 4334 ,
327 4243 470 4304 biae
542 4242 619 4302 ab
690 4243 951 4305 Oriente
1036 4241 1313 4316 obiecta,

412 4346 610 4407 Τοκ.
642 4344 691 4406 Ι.

1427 2293 1537 2355 etfi
1584 2311 1649 2356 et
1689 2295 1778 2357 ibi
1824 2296 2061 2359 diuersa
2102 2298 2188 2362 est
2227 2303 2425 2368 insula
2546 2378 2556 2385 ‚

1426 2397 1697 2457 turifera.
1777 2402 2069 2480 pinguis,
2097 2419 2201 2463 aut
2227 2427 2423 2489 prop-

1423 2514 1519 2561 ter
1549 2516 1644 2561 tus
1672 2504 1928 2585 pingue,
1972 2505 2144 2588 quod
2180 2506 2419 2572 refinae

1418 2618 1705 2663 naturam
1748 2603 1969 2677 habet,
2040 2625 2147 2668 aut
2179 2610 2415 2687 fertilis,

1421 2707 1724 2786 causeris
1772 2712 2034 2778 arenis,
2110 2710 2240 2772 solo
2282 2734 2417 2776 are·

1417 2809 1595 2883 noso,
1645 2814 1744 2870 cui
1786 2810 1987 2870 frutex
2028 2817 2177 2873 turis
2213 2816 2413 2877 innass·

1418 2914 1606 2985 citur,
1652 2910 1712 2971 h.
1755 2933 1875 2991 pro
1920 2927 2090 2987 ture,
2156 2915 2236 2975 de
2279 2939 2410 2999 quo

1415 3013 1540 3074 vid.
1572 3013 1729 3074 Plin.
1760 3012 1915 3085 ΧΗ,
1953 3021 2050 3091 14,
2091 3013 2132 3074 s.
2164 3018 2249 3078 30
2279 3018 2411 3102 sqq.

1413 3115 1489 3175 In
1516 3115 1695 3197 prelii
1725 3115 1987 3175 diceres:
2046 3113 2281 3179 habens
2316 3121 2412 3182 so-

1413 3217 1578 3293 lum,
1643 3216 1815 3300 quod
1852 3217 1974 3276 fert
2012 3220 2247 3299 pingue
2292 3237 2410 3282 tusa

1546 3327 1763 3398 140-
1785 3321 1923 3397 143.
1990 3318 2158 3379 Nota
2194 3320 2408 3385 fabula

1408 3422 1488 3483 de
1527 3420 1814 3483 dentibus
1861 3421 2146 3483 draconis
2193 3422 2271 3483 ab
2306 3426 2406 3486 Ia·

1405 3523 1555 3592 sone
1587 3523 1668 3584 ad
1694 3523 2180 3605 expugnandum
2211 3528 2404 3604 vellus
2510 3531 2522 3545 ’

1408 3624 1768 3686 Colchicum
1804 3628 2090 3707 profecto
2123 3627 2280 3703 satis,
2338 3647 2404 3691 et

1403 3716 1546 3789 viri's
1588 3732 1831 3788 armatis
1873 3727 2020 3789 hinc
2061 3731 2403 3793 enascenti-

1401 3829 1551 3905 bus,
1641 3833 1747 3914 qui
1821 3830 2023 3910 Sparti
2090 3833 2253 3894 dicti.
2335 3858 2392 3897 v.

1400 3932 1693 4015 Apollon.
1721 3931 1828 4007 111,
1861 3941 1988 4013 409
2016 3932 2142 4016 sqq.
2186 3923 2189 3926 Α
2240 3935 2397 3994 hor-

1400 4038 1539 4094 ruit
1596 4035 1865 4115 pulcrius
1922 4056 2110 4118 quam
2172 4042 2391 4115 extitit,

1400 4142 1579 4211 exiit,
1634 4152 1779 4198 nata
1809 4123 1912 4198 est.
2014 4137 2235 4199 Versus
2272 4150 2393 4219 140

1397 4240 1720 4302 translatus
1765 4261 1840 4302 ex
1874 4240 2119 4304 Lucret.
2171 4242 2260 4314 V,
2309 4264 2390 4326 29

1520 4342 1573 4402 C
1595 4363 1627 4404 c
1652 4363 1687 4403 c
2197 4361 2203 4366 ·
