3075 5114
575 405 684 467 vx
944 364 948 369 ’
1223 369 2012 469 PRAEFATIO

466 584 469 591 “
590 574 691 664 in
754 563 1159 661 Aeneide
1233 564 1595 695 prorsus
1656 569 1885 663 mihi
1962 574 2129 701 ipsi
2188 577 2664 711 obtempe-

595 738 826 833 raui.
920 739 1060 826 Ita
1089 757 1397 828 autem
1434 739 1765 853 euenit,
1810 762 1910 833 vt
1942 771 2224 868 opera
2254 776 2460 838 mea
2501 750 2667 842 ali-

603 924 1052 1033 quantum
1104 900 1415 1033 dispar
1462 899 1672 996 effet
1716 914 2264 1036 comparatis
2305 912 2667 1047 Eclogis

600 1094 696 1165 et
747 1071 1219 1199 Georgicis
1280 1102 1493 1165 cum
1539 1072 1982 1189 Aeneide;
2079 1109 2256 1171 nec
2322 1083 2487 1175 nifi
2566 1085 2667 1177 in

598 1238 1008 1366 repetitis
1066 1236 1619 1331 editionibus
1687 1240 1809 1332 ad
1871 1242 2263 1337 eundem
2336 1248 2670 1342 modu-

601 1405 798 1499 lum
829 1406 1141 1497 omnia
1171 1403 1710 1497 constituere
1743 1406 2282 1527 allaboraui3
2342 1416 2494 1510 etfi
2520 1415 2672 1514 vel

607 1574 730 1667 fic
778 1571 1017 1664 bene
1072 1556 1479 1662 intellexi
1509 1568 1940 1701 supereffe
1986 1609 2375 1695 naeuos,
2432 1567 2672 1708 quos

601 1741 969 1870 penitus
1054 1734 1355 1832 eluere
1429 1740 1582 1832 vix
1652 1735 2004 1857 liceret,
2116 1744 2216 1836 in
2283 1779 2674 1879 corpore

602 1902 725 1997 ad
799 1898 1073 1995 aliam
1149 1901 1548 1997 formam
1637 1905 1753 1999 ab
1837 1911 2099 2003 initio
2186 1914 2668 2049 defignatO.
2803 2038 2808 2043 .

605 2070 901 2190 Quod
933 2092 1240 2162 tamen
1269 2069 1569 2186 licuit,
1628 2070 2044 2229 satagere
2057 2078 2306 2173 haud
2349 2084 2667 2218 refugi,

593 2258 742 2350 vt,
822 2216 1178 2361 quoties
1235 2270 1488 2331 noua
1550 2238 1834 2332 editio
1874 2264 2388 2393 pararetur,
2473 2285 2669 2349 non

604 2402 891 2495 modo
942 2403 1437 2535 relegerem
1494 2427 1872 2532 poetam
1940 2441 2168 2502 cum
2222 2418 2450 2508 meis
2509 2450 2672 2511 an·-
2757 2400 2770 2409 ⁴·

603 2572 1273 2685 notationibus„
1333 2569 1481 2663 sed
1522 2555 1798 2665 etiam
1841 2598 2422 2677 retractarem
2458 2582 2670 2687 loca
2741 2574 2757 2584 ’

601 2735 911 2830 saltem
937 2739 1306 2866 potiora
1348 2761 1440 2831 et
1486 2741 2107 2863 emendarem,
2196 2783 2431 2875 quae
2472 2760 2674 2882 qui-
2761 2744 2765 2747 ⁴

601 2903 816 2997 dem
848 2902 1421 2997 emendanda
1453 2902 1621 2999 effe
1654 2909 2123 3028 videbam,
2223 2922 2499 3013 etiam
2538 2958 2677 3041 ea,

496 3065 507 3066 ἦ
601 3070 722 3163 de
769 3070 1098 3195 quibus
1125 3074 1526 3162 monitus
1555 3068 1860 3188 effem3
1929 3107 2037 3168 ea
2069 3102 2376 3174 autem
2410 3118 2678 3214 prae·-
2771 3191 2776 3196 .

599 3236 962 3329 terirem
980 3304 1006 3350 ,
1061 3238 1160 3326 in
1204 3237 1533 3360 quibus
1584 3239 1825 3332 male
1881 3219 2145 3336 effem
2189 3253 2682 3377 reprehen-
2753 3237 2773 3286 ‘⁴

598 3397 782 3517 Γαε,
852 3433 964 3496 ea
1011 3401 1620 3538 relinquerem
1663 3411 2037 3525 intacta,
2108 3415 2437 3538 quibus
2485 3451 2680 3515 me·-
2767 3403 2772 3409 ⁶

599 3566 831 3661 liora
871 3599 1065 3660 non
1106 3568 1375 3662 allata
1401 3568 1840 3696 vidiffem,
1924 3559 2678 3712 obliuiscererque

599 3765 754 3849 ea,
814 3766 1051 3860 quae
1096 3734 1648 3831 illiberaliter
1693 3720 1790 3832 in
1840 3709 2002 3836 me·
2048 3742 2317 3841 effent
2364 3746 2672 3845 effusa:

598 3900 930 4025 quibus
970 3930 1162 3993 non
1217 3924 1407 3997 tam
1462 3903 1717 3998 dolui
1774 3913 1959 4000 mei
2008 3911 2338 4030 caulla,
2396 3947 2677 4040 quam

591 4088 972 4194 propter
1012 4071 1589 4165 imminutam
1632 4072 2134 4169 litterarum
2167 4056 2675 4178 nostrarum
2743 4055 2767 4233 ζ’

592 4228 1165 4361 dignitatem,
1269 4261 1361 4333 et
1431 4241 1553 4334 ob
1627 4223 2307 4363 detumentum,
2417 4217 2671 4374 quod
