3075 5114
516 396 1208 475 GEORGICON
1249 392 1454 465 LIB.
1500 390 1642 482 IV,
1686 390 1929 475 1844-
1963 403 2118 490 ¹99

2306 393 2473 494 689·
2575 425 2582 428 ⁴

378 590 531 667 Sed
582 587 867 665 circum
911 606 1117 660 tutae
1155 583 1285 657 sub
1334 578 1731 656 moenibus
1774 580 1970 654 vrbis
2012 583 2404 687 aquantur,
2445 582 2464 595 ”

376 722 897 825 Excursusque
937 724 1188 798 breuis
1235 737 1560 809 tentant,
1662 736 1737 791 et
1788 714 2000 817 saepe
2043 716 2359 819 lapillos,
2455 742 2460 749 ·

380 864 498 937 Vt.
517 859 829 953 cymbae
859 857 1229 931 instabiles
1259 854 1493 930 fluctu
1523 857 1849 928 iactante
1879 852 2269 946 saburram,
2319 859 2458 958 195

380 995 733 1070 Tollunt:
809 993 923 1066 his
985 992 1129 1067 sese
1178 1016 1322 1094 per
1365 993 1617 1063 inania
1665 987 1922 1062 nubila
1961 987 2261 1066 librant.

376 1130 597 1208 Illum
644 1129 837 1202 adeo
875 1124 1224 1228 placuiffe
1282 1125 1546 1225 apibus
1595 1124 1964 1199 mirabere
2007 1152 2319 1223 morem,

382 1267 620 1365 Quod
648 1292 792 1341 nec
821 1261 1231 1337 concubitu
1258 1240 1840 1360 indulgencnec
1861 1287 2184 1362 corpora
2213 1251 2467 1367 segnes
2545 1336 2550 1341 ,

380 1406 471 1475 In
520 1404 893 1491 Venerem
935 1396 1268 1486 soluunt,
1344 1416 1473 1473 aut
1511 1398 1706 1473 fetus
1750 1396 2046 1473 nixibus
2089 1400 2368 1497 edunt:

540 1587 637 1655 ¹93
676 1584 792 1637 sed
840 1598 993 1636 tutae
1046 1590 1257 1636 circum
1294 1581 1475 1633 Franc.
1559 1599 1664 1650 pro
1715 1582 2009 1634 moentbus
2049 1583 2293 1643 Priscian.
2322 1589 2468 1652 vm.

385 1669 474 1729 sed
518 1672 787 1743 vulgatum
838 1667 1072 1739 agnoscit
1120 1667 1332 1721 Nonius
1366 1665 1650 1718 Marcellus
1666 1705 1682 1741 ε
1750 1666 2011 1720 Prisciano
2064 1672 2359 1745 antiquior,
2416 1678 2473 1729 iu

388 1765 598 1830 aquari
653 1756 797 1828 apud
846 1753 1027 1808 Heius.

1199 1755 1294 1824 195
1337 1754 1568 1805 cumbae
1625 1751 1823 1805 Medic.
1878 1771 1909 1806 a
1963 1774 2033 1807 m.
2087 1775 2164 1826 pr.
2224 1775 2275 1811 et
2324 1756 2471 1816 Gud.

392 1845 624 1921 cymbae
667 1843 869 1923 reliqui.
929 1841 1240 1912 ficburram
1279 1839 1475 1891 Medic.
1516 1857 1546 1891 a
1576 1857 1646 1889 m.
1675 1857 1752 1908 pr.
1797 1854 1848 1892 et
1889 1838 1989 1901 aL,
2060 1857 2150 1895 aut
2168 1843 2468 1912 suburam.

394 1932 494 2000 196
532 1931 594 1983 lu'
611 1929 744 2001 fise
784 1929 931 1982 Leid.
1019 1935 1066 1980 is
1095 1925 1282 1996 saepe
1322 1924 1464 1978 Gud.
1508 1943 1602 1994 pro
1639 1942 1743 1976 var.
1777 1923 1896 1979 lect.
1980 1929 2213 1983 vibrant
2254 1932 2469 2006 Menag.

390 2016 481 2071 alt.

629 2019 723 2086 198
769 2018 939 2084 Quod
978 2032 1158 2083 neque
1194 2013 1466 2065 Romanus
1514 2010 1603 2075 (iu
1635 2029 1742 2086 quo
1771 2029 1799 2064 a
1829 2030 1875 2063 v.
1913 2014 1979 2066 36
2031 2013 2098 2066 ad
2139 2018 2222 2069 181
2285 2018 2477 2076 lacuna.

391 2110 540 2168 erat)
588 2121 710 2154 cum
738 2100 869 2154 aliis.
946 2100 1245 2153 concubitu
1270 2096 1488 2150 Mentel.
1522 2115 1602 2166 pr.

1760 2114 1858 2168 ¹99
1894 2097 2102 2166 nisibus
2143 2101 2286 2156 Gud.
2328 2124 2357 2157 a
2397 2126 2469 2159 m.

391 2188 490 2243 sec.
572 2189 811 2242 nexibus
838 2186 1034 2240 Medic.
1066 2183 1210 2238 Gud.
1242 2202 1272 2236 a
1297 2203 1367 2239 m.
1400 2203 1478 2253 pr.
1508 2199 1561 2236 et
1589 2180 1696 2234 duo
1729 2182 1877 2237 Leid.
1909 2204 2031 2238 cum
2055 2186 2216 2242 Rom.
2276 2191 2478 2248 Eadem

409 2356 786 2436 194—196.
830 2351 1239 2413 Obseruatum
1276 2348 1398 2412 hoc

400 2458 643 2532 multis,
717 2478 861 2538 apes
908 2453 1161 2515 aduerso
1206 2470 1396 2515 vento

400 2563 680 2623 volantes
726 2559 948 2641 lapillis
990 2557 1049 2618 se
1111 2580 1396 2633 onerare,

400 2687 487 2729 ne
529 2686 562 2724 a
590 2653 796 2724 'vento
838 2660 1222 2743 abripiuntur
1236 2707 1257 2736 ,
1330 2667 1400 2723 in

403 2768 495 2831 his
554 2764 796 2829 Aristot.
855 2766 935 2824 H.
997 2765 1069 2824 Α.
1117 2766 1231 2839 IX,
1293 2773 1396 2844 4ο.

402 2872 642 2933 Aelian.
701 2871 778 2929 H.
842 2869 916 2932 A.
974 2867 1026 2942 1,
1080 2890 1176 2932 11.
1240 2868 1398 2928 Plin.

403 2974 519 3046 XI,
560 2995 656 3038 10.
741 2971 1013 3053 cymbae
1048 2969 1403 3048 instabiles,

407 3077 663 3141 leuitate
729 3079 937 3136 oneris
1010 3063 1403 3136 fluctuantes.

504 3201 642 3262 ¹97·
681 3179 855 3239 Inter
885 3180 1095 3260 plures
1132 3193 1408 3276 veterum

406 3280 493 3344 'de
550 3299 752 3363 apum
792 3284 1229 3360 generatione
1273 3285 1411 3361 opi·

410 3389 636 3448 niones
675 3401 806 3446 erat
836 3390 1019 3447 etiam
1058 3383 1233 3458 haec,
1275 3403 1413 3445 non

416 3492 590 3573 gigni
633 3508 754 3549 nec
798 3490 1134 3564 nasci-eaS‚
1199 3487 1304 3550 sed
1337 3509 1412 3548 ex

324 3633 329 3642 ,
414 3593 677 3657 floribus
717 3592 861 3675 legi.
928 3615 984 3657 v.
1041 3592 1285 3657 Aristot.
1330 3594 1410 3656 H.

414 3699 492 3759 A.
533 3698 615 3769 V,
666 3718 782 3777 2¹3
856 3698 1016 3759 adde
1061 3722 1112 3759 c.
1164 3718 1259 3778 19.
1311 3719 1411 3758 22.

1480 2355 1664 2410 marii
1695 2353 1794 2430 (T.
1822 2354 1883 2412 V
1910 2350 2237 2418 Memoire
2265 2361 2333 2441 9)
2366 2361 2482 2423 ob·-

1482 2453 1859 2518 seruationes
1890 2468 2233 2525 communis
2261 2470 2480 2546 opinio

1484 2555 1604 2630 est;
1683 2563 1847 2623 vnde
1892 2586 2039 2625 mox
2077 2568 2483 2632 excludantur

1482 2684 1668 2744 apeS,
1756 2689 1896 2727 cum
1957 2690 2165 2732 nouae
2230 2689 2478 2747 mattea,

1486 2781 1620 2826 tum
1666 2789 1898 2844 mares,
1976 2772 2075 2833 seu
2118 2775 2273 2847 fuci,
2348 2790 2483 2835 tum

1485 2871 1909 2936 mellificantes
1939 2896 2107 2958 aper,
2163 2880 2230 2935 in
2257 2877 2482 2963 quibus
2595 2865 2599 2869 ¹

1488 2975 1774 3036 nondum
1817 2971 1934 3040 vlla
1979 2976 2147 3039 sexus
2191 2996 2341 3039 nota
2385 3001 2485 3041 re·

1492 3093 1670 3157 perta
1700 3077 1816 3139 est:
1882 3096 1947 3140 vt
1976 3082 2134 3142 adeo
2169 3101 2312 3161 apes
2344 3103 2488 3144 cum
2585 3087 2606 3108 ‘¹⁵

1494 3181 1764 3242 formicis
1806 3204 2040 3245 nouam
2087 3188 2492 3245 animantium

1496 3282 1736 3345 classem
1820 3265 2225 3359 constituant,
2327 3309 2492 3368 quae

1496 3390 1802 3470 triplicem
1861 3389 2067 3453 sexum
2119 3391 2493 3472 complecta·

1498 3507 1616 3552 tur.

1592 3614 1810 3674 197·—
1832 3615 1970 3675 199.
2014 3595 2231 3658 Nouus
2263 3602 2494 3662 oratio·

1495 3700 1593 3757 nis
1627 3696 1829 3757 color:
1888 3699 2085 3759 Illum
2123 3701 2453 3761 mirabere
2464 3726 2495 3773 ‚-

415 3793 856 3874 Plin.·X1,‘16‚
886 3800 1024 3868 sect.
1067 3804 1159 3866 16.
1230 3802 1418 3861 Nunc
1503 3795 1564 3860 li.
1602 3822 1656 3861 e.
1692 3801 1834 3874 alia,
1891 3821 2089 3885 eaque
2131 3824 2250 3864 nec
2291 3810 2495 3868 minus

417 3909 720 3988 reginam,
765 3905 954 3987 vulgo
984 3925 1099 3985 pro
1128 3924 1278 3986 rege
1307 3901 1418 3963 ha·-
1501 3908 1692 3977 mira,
1736 3919 1954 3965 natura
1983 3903 2099 3979 est,
2145 3909 2317 3990 quod
2349 3930 2501 3970 con·
2593 3975 2600 3986 ,

417 4007 613 4070 bitam
629 4052 651 4082 ,
743 4027 1139 4069 communem
1218 4004 1418 4088 stirpis
1506 4006 1740 4067 cubitui
1781 4028 1914 4069 non
1955 4008 2314 4093 indulgent,
2377 4033 2496 4073 nee

421 4128 739 4173 auctorem
770 4133 843 4172 ac
871 4129 1229 4194 parentem,
1282 4116 1419 4174 ouis
1507 4114 1892 4191 concipiunt,
1916 4133 2036 4180 nec
2060 4118 2330 4195 pariunt.
2376 4116 2499 4176 Co.

424 4215 747 4295 pariundis
779 4214 967 4275 solam
1002 4237 1242 4290 vacare,
1283 4214 1423 4297 post
1506 4215 1655 4275 lum.
1681 4214 1793 4287 lx,
1828 4236 1885 4287 2,
1914 4223 1958 4294 4
1997 4231 2220 4276 mrum
2251 4223 2501 4278 exami-

423 4316 1019 4381 Swammerdammii
1089 4337 1156 4383 et
1220 4322 1426 4384 Reau-
1509 4339 1602 4379 na
1660 4353 1747 4367 --
1798 4318 2150 4380 concubitu
2196 4321 2506 4400 sobolem
