3075 5114
627 361 764 437 142
1034 341 1126 417 Ρ.
1171 338 1686 419 VIRGILII
1752 317 2283 423 MARONIS

615 544 880 637 Quum
912 556 1265 609 canerem
1298 555 1515 632 reges
1560 552 1637 609 et
1666 531 1957 634 proelia
1977 585 1998 624 ,
2052 530 2414 627 Cynthius
2443 547 2706 608 aurem

613 672 879 762 vellit,
956 687 1032 744 et
1069 667 1502 742 admonuitz
1586 663 2004 759 Pastorem,
2060 670 2355 763 Tityre,
2406 675 2702 770 pinffiiis

612 806 926 885 Parcere
966 820 1274 904 oportet
1305 806 1492 910 ouis,
1549 799 1963 876 deductum
2003 802 2256 880 dicere
2287 826 2614 879 carmen.
2651 803 2701 879 5

611 949 840 1022 Nunc
879 964 1022 1041 ego
1039 965 1062 1032 ς
1133 911 1468 1039 namque
1507 933 1727 1040 super
1767 921 1925 1011 tibi
1945 957 2206 1032 erunt,
2275 943 2408 1043 qui
2445 938 2700 1016 dicere
2724 1001 2745 1016 .

1361 1051 1363 1053 V
1837 1070 2145 1168 laudes,

610 1214 849 1303 Vare,
920 1224 1088 1291 tuas
1136 1202 1483 1307 cupiant,
1544 1214 1624 1280 et
1660 1200 1890 1281 tristia
1930 1206 2266 1284 condere
2310 1206 2549 1299 bella3

743 1391 782 1452 4
818 1382 1079 1438 admouit
1115 1379 1371 1437 Rottend.
1400 1397 1463 1434 ex
1487 1398 1637 1434 more
1674 1379 1849 1434 librar.
1920 1374 2221 1455 qulorum
2274 1376 2465 1456 Tityre
2505 1381 2692 1437 vitium

607 1469 695 1524 ed.
736 1468 876 1523 nob.
933 1465 1118 1538 steph.
1270 1470 1304 1524 5
1344 1467 1552 1520 ducere
1596 1467 1790 1520 Moret.
1836 1484 2004 1539 quart.
2050 1483 2105 1523 et
2143 1469 2281 1522 Ven.
2383 1468 2691 1522 deductum

607 1572 836 1608 carmen
870 1574 934 1608 ex
956 1554 1010 1606 h.
1042 1550 1081 1605 l.
1114 1570 1376 1606 memorat
1406 1552 1663 1624 Quinctil.
1692 1553 1837 1614 Vm,
1874 1573 1924 1615 2,
1952 1571 2005 1625 9.
2146 1573 2176 1625 7
2224 1557 2405 1610 Varre
2430 1552 2688 1619 Parthas„

600 1640 692 1696 hic
729 1658 783 1696 et
807 1642 864 1696 in
891 1639 1002 1714 sqq.
1077 1647 1311 1710 cupiant
1336 1640 1446 1693 duo
1474 1638 1674 1694 Moreti
1710 1654 1764 1693 et
1789 1638 1975 1712 fragm.
2004 1641 2271 1714 Antwerp.

594 1817 672 1858 ac
713 1793 1019 1880 praesidio
1064 1796 1366 1859 creditum
1409 1796 1602 1860 habe-
1682 1797 1850 1858 vnde
1909 1801 1979 1857 in
2040 1797 2139 1858 ed.
2194 1795 2401 1857 Lond.
2448 1796 2683 1877 Knapt.

467 1907 478 1918 ⁸
595 1887 814 1961 batur:
874 1897 1047 1982 quod
1086 1896 1306 1976 saltem*
1335 1904 1601 1961 auctori·
1680 1901 2034 1981 repetitus.)
2174 1899 2237 1961 5.
2326 1896 2684 1957 deductum

592 2017 726 2064 tete
797 2000 1002 2062 Sehol.
1077 2002 1399 2082 Apollonii
1450 2003 1598 2084 Arg.
1684 2022 1951 2060 carmen
1963 2041 1988 2069 ,
2063 2020 2140 2061 ex
2199 1998 2325 2080 ipsa
2382 1998 2683 2060 sententia

591 2103 707 2177 111,
750 2125 776 2163 1
844 2102 1137 2164 traditur:
1252 2097 1490 2167 Θάλεια
1531 2103 1599 2167 δὲ
1682 2118 1943 2185 apparet
1969 2099 2091 2165 ess'e
2120 2117 2343 2176 tenue,
2384 2115 2449 2160 vt
2478 2098 2682 2182 pasto·

593 2206 873 2284 (λέγεται
916 2199 1249 2289 εὑρηκέναι)
1302 2203 1600 2288 «γεωργίαν
1679 2209 1923 2277 fitium:
1979 2203 2331 2287 oppositum
2361 2205 2679 2287 grandiori

591 2307 701 2373 καὶ
731 2301 843 2388 τῆν
884 2308 1028 2391 περὶ
1069 2300 1149 2372 τοὶ
1192 2298 1362 2386 epure}
1399 2329 1598 2390 τραγ·
1680 2311 1880 2390 epico.
1980 2307 2077 2368 Ita
2117 2324 2329 2367 tamen
2369 2308 2678 2368 adiectum

597 2405 918 2488 ματείταν.
1016 2407 1077 2472 3.
1128 2408 1349 2470 Voluit
1409 2413 1597 2492 igitur
1682 2425 1998 2491 expectes:
2058 2415 2231 2471 tenui
2261 2409 2405 2484 filo,
2460 2425 2527 2470 vt
2573 2432 2672 2492 ap.

588 2510 776 2572 Maro
818 2507 1168 2572 adolescens
1203 2511 1452 2595 aggredi
1479 2509 1594 2574 sta·
1676 2514 1898 2575 Horat.
1949 2513 2009 2575 11
2049 2513 2164 2595 Ep.
2208 2512 2273 2588 1,
2319 2514 2441 2576 225
2487 2513 2675 2573 tenui

589 2617 707 2673 tim
736 2600 926 2694 epos:
971 2633 1156 2693 reges
1186 2628 1254 2673 et
1285 2617 1552 2698 praelia
1566 2637 1594 2686 ,·
1675 2615 1965 2677 deducta
1992 2631 2312 2697 poemata
2332 2616 2481 2697 filo·
2568 2615 2673 2679 Est

511 2746 516 2749 -
589 2715 804 2799 (quod
858 2720 1061 2777 minus
1108 2714 1273 2779 bene
1330 2719 1408 2781 de
1470 2736 1590 2782 tra-
1674 2724 1842 2781 enim
1883 2725 2149 2803 petitum
2175 2718 2297 2780 hoc
2340 2740 2376 2778 a
2415 2720 2557 2779 lana
2601 2724 2673 2782 in

585 2819 812 2903 goedia
878 2822 1320 2900 interpretatur
1376 2823 1587 2884 Heius.
1671 2822 1840 2883 filum
1878 2825 2163 2885 deducta.
2246 2820 2438 2884 Ausus
2482 2828 2693 2906 igitur

588 2922 670 2982 ad
699 2920 885 2983 Ouid.
917 2921 1007 2981 IV
1036 2942 1111 2983 ex
1140 2923 1211 2982 P.
1246 2945 1306 2998 2,
1343 2927 1413 3003 ι)
1454 2926 1589 2986 Ou-
1671 2922 1760 2987 est
1793 2942 1980 3007 poeta
2007 2923 2363 2985 deductum
2395 2926 2670 2995 absolute

584 3025 713 3087 din.
739 3028 817 3084 iu
837 3022 1006 3085 Misc.
1045 3021 1215 3086 Obss‘.
1266 3030 1397 3086 crit.
1433 3046 1587 3089 nou.
1668 3049 1788 3109 pro
1831 3034 2005 3090 tenui
2035 3049 2312 3111 ponere3
2373 3030 2464 3090 Ex
2492 3032 2668 3092 Afra·-

580 3129 704 3191 To.
748 3128 859 3200 1V,
909 3149 971 3209 p.
1015 3129 1143 3192 308
1188 3127 1268 3189 ad
1308 3128 1589 3191 Culicem
1668 3134 1779 3191 nio
1866 3147 1931 3194 et
2003 3130 2339 3191 Cornificio
2412 3131 2668 3195 illustrat

585 3229 711 3293 hoc
740 3228 958 3303 trahit,
1000 3229 1480 3294 Pseudodonato
1521 3246 1589 3294 et
1669 3231 1837 3292 vsum
1893 3255 2029 3295 voc.
2074 3232 2356 3295 Macrob.
2414 3234 2539 3309 vl,
2596 3244 2663 3315 4,

580 3336 804 3395 Seruio
845 3331 1170 3393 aduocato.
1273 3330 1463 3396 Poffis
1508 3355 1587 3396 ex
1667 3355 1732 3417 p.
1762 3337 1908 3416 595.
1938 3337 2084 3416 596.
2506 3402 2513 3407 ,

580 3439 804 3498 Seruio
835 3438 1023 3496 etiam
1061 3434 1352 3505 laudare,
1408 3438 1585 3521 quod
1754 3440 1815 3501 6.
1860 3440 1976 3520 qui
2002 3437 2224 3498 dicere
2251 3434 2485 3495 laudes
2512 3448 2667 3496 tuas

577 3562 680 3603 :res
721 3540 1037 3600 Romanas
1079 3534 1184 3597 seu
1226 3559 1447 3621 regum
1477 3541 1583 3602 Al—
1667 3542 1959 3620 cupiant,
1999 3544 2106 3626 qui
2137 3558 2387 3600 carmen
2415 3541 2664 3620 epicum

579 3642 891 3704 banorum
921 3636 1224 3723 eggress'us
1256 3638 1377 3702 ess'e
1398 3642 1581 3706 Mero
1668 3643 1960 3710 condant.
2045 3645 2278 3725 Magna
2322 3662 2473 3704 vero
2520 3664 2662 3703 cum

573 3745 794 3809 fertur.
848 3743 974 3804 Sed
1001 3758 1223 3825 parum
1250 3758 1380 3815 tuta
1405 3742 1580 3821 haec,
1663 3743 1981 3807 venustate
2007 3765 2141 3806 rem
2172 3745 2251 3806 ad
2273 3746 2423 3805 Vari
2447 3745 2661 3808 laudes

521 3882 528 3890 ·
578 3871 723 3911 cum
755 3848 885 3909 aliis
914 3868 1012 3929 ap.
1030 3843 1481 3908 Pseudodonat.
1510 3851 1581 3911 in
1664 3846 1882 3908 trahit:
1954 3861 2025 3908 ac
2066 3845 2112 3908 fi
2154 3845 2278 3908 hoc
2318 3852 2480 3929 epici
2529 3870 2661 3909 car-

575 3953 728 4012 vita
785 3950 828 4013 s.
888 3951 989 4012 28.
1061 3969 1295 4008 aurem
1353 3951 1580 4019 vellit,-
1661 3955 1844 4012 minis
1897 3967 2330 4035 argumentum
2370 3948 2658 4013 constitu-

577 4070 769 4119 ·notus
817 4053 1197 4115 admonendi
1238 4074 1373 4114 mos
1385 4096 1405 4127 ,
1468 4058 1579 4137 qui
1662 4070 1796 4115 turn
1827 4052 2145 4116 habuiffet.
2190 4055 2425 4114 Varum
2448 4069 2657 4115 autern

578 4156 742 4218 adeo
800 4160 872 4218 in
925 4160 1180 4241 gemmis
1245 4154 1573 4237 express'us.
1658 4177 1756 4217 res
1793 4155 1962 4219 bello
1994 4154 2223 4241 geffiss'e
2264 4155 2504 4219 neceffe
2546 4154 2651 4231 est,

575 4262 658 4341 (v.
687 4258 971 4325 Muremn
997 4258 1160 4335 Flor.
1192 4258 1268 4328 T.
1286 4259 1372 4335 11,-
1401 4274 1444 4323 t.
1469 4280 1572 4339 22,
1657 4275 1725 4325 vt
1760 4264 1888 4326 eius
1927 4261 2101 4327 bella
2138 4259 2362 4336 condi,
2403 4280 2653 4326 carmen
