3075 5114
737 333 893 408 DE
955 328 1483 407 CARMINE
1557 327 2158 408 nvcomco
2395 334 2489 430 ἡ,

394 526 615 598 enim
672 536 983 594 natura
1040 521 1271 592 huius
1346 523 1720 591 carminis
1787 513 2079 615 statim
2150 516 2489 600 tollitur,

371 652 454 749 fi
497 651 899 725 naturalis
923 648 1440 750 simplicitas,
1493 646 1779 748 paullo
1826 647 2233 718 horridior
2257 646 2491 743 forte
2589 626 2604 633 -

393 781 549 854 illa
597 797 677 851 et
723 778 1126 856 incultior,
1176 773 1450 874 nostra
1484 770 1910 872 *venustate
1956 791 2035 846 et
2081 773 2493 874 elegantia

397 924 875 1008 temperetur
887 936 919 994 ;
1032 929 1532 1007 quamquam
1593 908 1824 1003 prior
1898 902 2049 975 illa
2124 906 2489 1005 ingenuis

403 1043 692 1111 animis
787 1036 1180 1108 maiorem
1266 1032 1770 1131 voluptatem
1868 1026 2156 1133 afferre
2241 1032 2487 1132 solet.

410 1171 637 1269 Quae
682 1189 805 1237 res
844 1162 985 1236 vel
1022 1162 1190 1262 ipso
1249 1161 1462 1233 Theo
1472 1164 1653 1233 criti
1705 1177 1785 1232 et
1840 1159 2173 1261 Virgilii
2225 1187 2489 1234 exem-

389 1295 531 1397 plo
615 1293 1022 1366 declarari
1107 1306 1186 1362 et
1263 1286 1769 1388 comprobari
1841 1284 2122 1387 potest.
2247 1290 2490 1363 Illius

398 1427 614 1499 enim
676 1446 926 1522 qaam
962 1417 1407 1519 simplicior
1455 1434 1532 1489 et
1576 1419 1845 1488 verior
1890 1415 2487 1520 humilitatique

396 1552 854 1651 argumenti
926 1543 1622 1620 accommodatior
1713 1540 1822 1639 esi:
1905 1548 2164 1616 ratio!
2252 1545 2488 1621 huius

392 1702 588 1750 vero
648 1694 955 1777 quanto
1021 1674 1468 1776 elegantior
1528 1688 1608 1745 et
1664 1676 2075 1745 ornatior!
2142 1674 2302 1746 Sed
2342 1673 2488 1748 ha·

362 1805 635 1889 ,bebat
690 1821 1054 1904 vterque,
1166 1803 1395 1904 quod
1439 1798 1949 1901 sequeretur;
2037 1826 2202 1872 non
2274 1805 2490 1877 enim

393 1924 938 2007 abhorrebant
965 1932 1463 2007 Graecorum
1507 1932 1837 2030 ingenia
1884 1954 1936 2001 a
1959 1926 2487 2028 simplicitate

395 2080 478 2136 et
539 2067 833 2133 natiua
895 2059 1181 2160 aliqua
1257 2054 1633 2158 castaque
1706 2054 2162 2154 venustate;
2254 2058 2485 2159 ipfius

370 2191 772 2291 sermonis
820 2214 922 2261 ac
970 2187 1300 2261 dialecti
1342 2189 1703 2259 Doricae
1745 2204 2072 2267 natura,
2133 2214 2299 2261 non
2336 2214 2485 2289 po,

394 2316 541 2415 teli
601 2321 806 2397 dici,
866 2316 1158 2413 sentiri
1193 2313 1464 2412 facile
1497 2310 1796 2414 potest,
1873 2334 2267 2415 quantam
2290 2316 2484 2415 fim-

387 2448 841 2547 plicitatem
878 2470 1087 2545 prae
1124 2441 1225 2542 se
1270 2443 1542 2541 ferat,
1614 2458 1695 2514 et
1754 2460 2243 2545 quantopere
2294 2447 2486 2523 huic

401 2602 664 2650 rerum
705 2577 983 2677 generi
1030 2590 1226 2672 apta
1273 2590 1350 2644 et
1389 2573 1692 2644 idonea
1708 2567 1847 2666 fit,
1911 2589 2005 2643 vt
2044 2600 2191 2647 nec
2235 2577 2486 2650 docta
2535 2585 2540 2592 ’

396 2729 546 2776 nec
604 2703 914 2774 inculta
973 2717 1051 2773 et
1117 2701 1453 2774 horrida
1528 2703 1792 2772 oratio
1839 2697 1972 2795 fit.
2107 2704 2225 2776 At
2306 2704 2388 2777 V
2382 2710 2486 2778 ir-

394 2832 638 2935 gilius
688 2828 1085 2929 sermonis
1146 2847 1225 2902 et
1287 2828 1625 2900 dialecti
1677 2828 2104 2925 suauitate
2168 2827 2486 2928 destitu-

396 2975 521 3031 tus
549 2959 661 3049 ⁴⁸),
709 2963 851 3058 qui
885 2957 1269 3057 politiore
1314 2983 1551 3037 aeuo,
1601 2959 1807 3027 inter
1849 2956 2205 3032 homines
2248 2957 2486 3032 vrba-

397 3112 541 3158 nos
592 3103 671 3159 et
729 3086 1216 3186 elegantiam
1266 3110 1450 3156 cum
1492 3081 1727 3183 fastu
1772 3080 2199 3181 sectantes,
2263 3092 2486 3160 viue-

398 3232 557 3294 ret,
640 3213 899 3284 multa
959 3238 1063 3284 em
1117 3216 1346 3287 vitae
1398 3211 1875 3314 pastoritiae
1932 3219 2279 3289 veritate
2337 3232 2485 3289 aut

376 3341 769 3442 seponere
828 3356 974 3412 aut
1030 3338 1289 3414 verbis
1347 3340 1761 3440 honestare
1817 3337 2110 3441 neceffe
2167 3342 2482 3434 habuit,

397 3494 609 3570 quae
674 3470 893 3541 nude
960 3483 1038 3541 et
1098 3471 1217 3541 ad
1279 3475 1398 3542 rei
1456 3477 1883 3545 veritatem
1933 3469 2341 3573 proposita
2404 3487 2484 3544 ec

402 3581 752 3697 expreffa
813 3579 1201 3699 superbas
1273 3600 1832 3672 Romanorum
1923 3625 2152 3673 aures
2238 3596 2484 3703 offen·-

407 3721 723 3821 dtffent;
810 3751 1021 3825 quae
1097 3731 1258 3800 eius
1330 3726 1741 3828 elegantia
1812 3723 2020 3799 adeo
2085 3732 2169 3800 in
2233 3728 2483 3802 laude

382 3851 594 3949 fuit,
657 3869 748 3926 vt
810 3868 887 3925 et
944 3854 1329 3927 Horatius
1391 3880 1576 3925 eum
1626 3851 1729 3926 ab
1796 3853 1956 3926 hac
2019 3857 2208 3929 dote
2268 3883 2483 3929 com-

468 4010 516 4074 ‘)
551 4011 713 4066 Recto
765 4012 969 4066 Probo·
1037 4013 1396 4067 Theocritum
1476 4013 1611 4068 vidi
1647 4012 1865 4086 potest,
1922 4014 2057 4069 {deo
2101 4016 2324 4070 Latinis
2361 4016 2480 4089 dff-

396 4112 624 4166 poetam
664 4097 925 4170 facilius
989 4098 1064 4152 ait
1113 4101 1391 4153 Bucolica
1462 4097 1635 4170 sicile
1669 4100 1882 4173 suffle-
1958 4110 2093 4173 qula
2137 4103 2353 4176 nece-ffb
2396 4102 2478 4176 st

374 4179 699 4256 firipfiffe,
771 4193 908 4258 quia
947 4185 1105 4256 apud
1137 4188 1390 4239 Graecos
1469 4206 1576 4256 per
1643 4186 1844 4240 eadem
1899 4190 2080 4245 verba
2154 4207 2480 4243 accommo-

365 4269 573 4342 strmo
624 4268 957 4344 rusticanus
1010 4291 1050 4325 a
1085 4274 1250 4326 ciuili
1299 4271 1387 4325 de·
1473 4272 1856 4345 daresensus.
2393 4277 2396 4280 ’
