3075 5114
708 402 1313 497 TERTIAE
1385 399 2120 501 EDITIONIS
2382 434 2532 501 vu

435 603 710 697 bonis
758 601 1172 695 moribus
1219 596 1610 728 suaeque
1660 600 2048 726 quisque
2094 598 2533 693 existima-

434 772 665 865 tioni
705 771 946 860 inter
994 767 1295 865 bonos
1350 763 1533 894 ipse
1592 763 1971 860 afferret.
2098 765 2286 858 Sed
2333 761 2531 860 sunt

436 934 897 1050 homines„
1006 937 1167 1061 qui
1222 966 1342 1029 ne
1402 932 1648 1029 hanc
1721 933 2093 1062 quidem
2130 931 2525 1026 aliorum

339 1190 355 1199 .
437 1105 719 1197 animi
791 1104 1345 1228 aequitatem
1414 1132 1713 1227 aequo
1798 1104 2109 1207 animo
2179 1097 2521 1216 ferunt,

425 1267 580 1365 'sed
640 1301 816 1398 pro
872 1271 1143 1397 nouis
1210 1263 1569 1362 offenfis
1623 1236 2148 1394 irarumque
2200 1263 2515 1361 cauffis

428 1469 642 1530 eam
687 1435 856 1531 tibi
911 1439 1388 1563 imputant.
1502 1435 1625 1556 εἴη
1670 1431 1788 1556 μή
1843 1442 2056 1537 ποτέ
2099 1478 2229 1554 μοι
2273 1442 2519 1534 τοιοῦ-

430 1648 573 1709 τον
616 1603 858 1723 ἦθος,
941 1602 1005 1701 ὦ
1049 1612 1208 1700 Ζεῦ
1223 1613 1240 1692 !
1315 1624 1416 1697 vt
1463 1634 1682 1697 cum
1714 1600 2110 1695 Pindaro
2161 1599 2511 1728 loquar.

434 1777 630 1863 Iam
669 1774 767 1861 in
802 1765 1374 1898 praefatione
1427 1769 1761 1895 prioris
1818 1765 2242 1861 editionis
2294 1798 2512 1895 pro-

432 1936 693 2035 feffus
767 1967 1057 2050 eram,
1167 1967 1320 2026 me
1401 1933 1933 2029 inchoatam
2003 1953 2359 2025 tantum
2421 1954 2513 2026 et

432 2103 966 2237 descriptam
1047 2131 1429 2229 operam
1516 2099 1888 2229 publice
1958 2130 2509 2229 proponere,

428 2304 673 2400 quae
724 2292 1034 2363 tamen
1079 2299 1255 2394 pro
1307 2266 1599 2363 fundo
1648 2263 1819 2361 effe
1879 2265 2146 2394 possit
2196 2264 2508 2363 studiis

429 2443 839 2538 virorum
926 2434 1414 2535 doctorum
1486 2436 1997 2531 coniunctis
2080 2436 2180 2525 in
2234 2427 2510 2559 perfi-

428 2607 763 2705 ciendo
831 2637 947 2702 eo
1030 2601 1283 2731 quod
1350 2600 1912 2736 defignatum
1960 2585 2017 2694 a
2062 2632 2213 2696 me
2271 2619 2505 2712 erat;

430 2774 726 2871 multo
795 2773 1045 2871 enim
1110 2769 1413 2866 vtilius
1479 2767 1723 2883 fore,
1827 2770 1900 2862 st
1942 2798 2124 2863 vna
2203 2765 2512 2892 aliqua

432 2942 711 3035 editio
760 2940 1162 3066 repetitis
1241 2933 1648 3061 plurium
1719 2931 2028 3027 studiis
2097 2954 2190 3025 et
2266 2935 2506 3024 curis

423 3104 965 3203 emendetur
1013 3125 1106 3196 et
1153 3099 1797 3229 locupletetur,
1856 3129 2138 3224 quam
2183 3098 2251 3196 fi
2300 3095 2509 3224 plu·
2581 3151 2588 3164 -

430 3308 578 3372 res
619 3274 959 3367 iteratis
1005 3267 1324 3366 itidem
1378 3266 1723 3363 vicibus
1767 3261 2093 3360 eadem
2129 3295 2503 3362 recoxe-

432 3445 654 3558 rint,
700 3461 861 3533 aut
896 3411 1315 3532 veterem
1361 3435 1883 3566 querelam,
1955 3455 2055 3527 vt
2091 3465 2306 3531 cum
2335 3462 2508 3526 no-

313 3671 321 3678 ·
428 3608 612 3707 stro
694 3605 1063 3733 loquar,
1148 3603 1478 3698 iterum
1552 3603 2063 3727 iterumque
2155 3607 2508 3693 cecine-

435 3787 653 3867 rint.
764 3775 857 3865 N
857 3803 965 3870 ec
1018 3792 1324 3864 tamen
1387 3766 1534 3864 vel
1597 3767 1717 3866 fic
1773 3769 2205 3893 cuiquam
2274 3766 2511 3856 inui-

437 3939 677 4035 debo
758 3931 937 4032 suis
1002 3931 1413 4064 auspiciis
1482 3931 1864 4028 meliora
1939 3935 2039 4024 in
2100 3930 2516 4027 medium

439 4103 976 4234 proferenti,
1072 4104 1235 4230 qui
1280 4101 1375 4196 id
1438 4102 1851 4230 inprimis
1911 4131 2080 4228 per
2137 4128 2515 4192 omnem
2593 4221 2602 4232 ο

444 4277 717 4368 vitam
755 4271 1022 4368 cordi
1066 4269 1583 4387 habuerim,
1659 4292 1756 4365 vt
1809 4265 1988 4360 alia
2029 4266 2341 4396 potius
2379 4266 2519 4356 in·
