3075 5114
769 390 1235 468 PRIORIS
1305 390 1920 469 EDITIONIS
2275 417 2438 468 xxx

349 599 551 679 dicta
589 600 674 673 in
728 592 916 673 alios
975 595 1203 674 laude
1250 594 1378 672 seu
1420 601 1689 673 merita
1734 596 1860 673 seu
1903 598 2272 676 immerita
2319 626 2439 676 or-

346 756 566 812 natos
604 734 966 825 iaciendi,
1047 751 1214 824 aut,
1281 752 1366 807 vt
1404 732 1680 809 habeas
1699 786 1720 825 ,
1779 759 1959 837 quo
2001 759 2134 810 eoa
2180 736 2440 838 explo-

348 873 523 962 das,
571 870 665 944 ab
708 868 800 944 iia
847 869 1052 946 dicta
1079 867 1561 970 impudenter
1601 868 2128 945 calumniandi.
2235 875 2440 947 Con⁴

244 1024 249 1029 “
352 1027 469 1082 tra
508 1024 799 1107 gratum
840 1005 1026 1079 mihi
1071 1021 1148 1079 et
1195 1004 1615 1079 iucundum
1656 1009 2136 1109 ingenueque
2175 1005 2440 1085 indole

355 1143 662 1245 dignum
704 1139 933 1214 vifum
970 1136 1111 1232 est,
1163 1138 1497 1240 profiteri
1525 1166 1666 1243 per
1707 1154 1901 1244 quos
1933 1139 2439 1244 profeciss‘emg

348 1304 630 1382 meque
669 1276 988 1352 meliora
1018 1275 1325 1352 edocen'
1368 1303 1414 1350 a
1450 1277 1890 1354 melioribus
1932 1299 2163 1381 atque
2210 1285 2440 1357 etiam

347 1414 627 1509 refelli,
691 1418 948 1487 animo
993 1438 1241 1514 aequo
1280 1410 1480 1507 fero,
1561 1433 1643 1490 et
1683 1436 1864 1489 vero
1904 1420 2130 1490 etiam
2169 1415 2437 1493 laetor.

351 1548 1024 1649 Quemadmodum
1070 1567 1358 1639 tamen,
1420 1553 1669 1624 nunus
1708 1568 1913 1625 recte
1951 1551 2239 1654 aliquid
2281 1554 2438 1632 dic⁴

349 1705 515 1761 tum
560 1683 729 1778 effe,
777 1685 1001 1762 facile
1036 1684 1418 1760 interdum
1461 1681 1565 1758 est
1603 1685 2235 1781 animaduertere3
2288 1715 2438 1792 qua

346 1838 606 1896 tamen
664 1826 750 1895 in
800 1842 886 1897 re
940 1825 1208 1896 erroris
1266 1802 1746 1894 momentum
1809 1820 2072 1915 lateat,
2159 1818 2450 1919 dicere,

348 1976 431 2034 et
484 1957 798 2034 nebulas
845 1960 1113 2032 erroris
1179 1954 1513 2030 obiectas
1596 1950 1751 2031 fine
1814 1956 2044 2059 longa
2105 1956 2440 2061 dinputan

351 2098 597 2185 tione,
660 2090 1060 2193 dispellere
1076 2146 1096 2183 ‚
1146 2089 1452 2167 difficile
1488 2088 1626 2166 est:
1700 2095 1804 2165 ita
1846 2094 2169 2169 multum
2208 2100 2439 2172 inter·

349 2228 538 2303 dum
576 2225 937 2305 conrumfi
992 2251 1302 2331 operae,
1369 2245 1451 2301 vt
1492 2250 1641 2303 vno
1685 2226 1918 2303 verbo
1961 2236 2232 2307 erroris
2267 2232 2438 2309 fon·-

352 2380 509 2439 tem
551 2380 633 2438 et
670 2362 995 2440 causs'am
1034 2363 1493 2441 declararem
1510 2417 1531 2454 ,
1594 2380 1727 2435 aut
1766 2382 1844 2438 vt
1879 2361 2069 2440 illud
2106 2393 2440 2470 appone·

352 2524 546 2593 rem,
648 2527 808 2603 quo
887 2498 1102 2578 smn'li
1162 2499 1485 2575 alioruin
1539 2501 1800 2600 serrori
1881 2512 2446 2582 occurrereturx‘

358 2660 534 2712 cum
567 2636 804 2713 modo
840 2635 1045 2710 Vsum
1077 2633 1446 2736 loquendi
1489 2638 1914 2735 poeticum,
1973 2638 2213 2714 modo
2254 2667 2441 2743 poe·

352 2773 587 2847 ticum
624 2770 941 2874 anuod
978 2767 1409 2875 phantasma
1427 2822 1448 2862 ,
1497 2769 1736 2843 modo
1765 2772 2173 2865 mythicam
2213 2784 2441 2852 ratio.

349 2932 533 2983 nem
574 2925 845 3009 parum
909 2926 1119 2984 recte
1179 2908 1423 2981 teneri
1464 2903 1825 2980 viderem.
1968 2909 2121 2986 Sed
2174 2919 2442 2990 monui

348 3041 515 3120 fere
550 3042 782 3120 verbo
822 3062 1154 3136 tantum3
1252 3037 1683 3117 cuiusmodi
1737 3037 1793 3114 fi
1830 3045 2199 3120 nonnulla
2243 3045 2444 3125 sorte

347 3199 786 3273 occurrent,
869 3204 1107 3283 quae,
1183 3202 1320 3254 cur
1366 3201 1416 3250 a
1457 3202 1585 3254 me
1644 3176 1979 3280 apposita
2030 3178 2211 3274 fint,
2279 3207 2444 3261 non

346 3315 591 3393 statim
617 3312 898 3418 assequi
927 3311 1150 3418 poffit
1175 3310 1419 3389 lector
1444 3313 1701 3415 paullo
1731 3320 2056 3390 acutiorx
2104 3318 2444 3420 respectu

347 3450 451 3525 ad
481 3449 939 3526 nobiliorem
965 3450 1296 3552 aliquem
1326 3471 2002 3528 commentatorem
2020 3507 2041 3546 ,
2096 3460 2442 3556 quamuis

349 3611 398 3658 a
438 3611 565 3662 me
611 3610 776 3661 non
813 3590 1321 3678 nominatum,
1409 3559 1711 3681 habit'o,
1810 3589 2107 3664 adiecta
2161 3614 2253 3665 ea
2291 3587 2443 3666 effe

352 3725 810 3814 meminerit,
872 3739 989 3813 vt,
1059 3746 1235 3795 cum
1272 3722 1409 3796 viri
1455 3727 1684 3814 etiam
1730 3721 1937 3799 docti
1974 3729 2055 3800 in
2104 3751 2278 3800 eum
2326 3750 2441 3804 er-

352 3878 601 3931 rorem
633 3854 870 3934 effent
909 3856 1237 3957 abrepti,
1305 3856 1778 3952 adolescens,
1831 3865 1964 3962 qui
2007 3866 2088 3936 in
2126 3859 2441 3938 sunilem

350 4014 685 4067 errorem
723 4010 855 4066 aut
884 3987 1402 4104 difficultatem
1439 4007 1570 4067 aut
1593 4000 1673 4069 in
1716 3995 2046 4071 eundem
2076 3997 2470 4100 interme-⁸

344 4145 500 4203 tem
522 4128 912 4222 inciderit,
980 4125 1217 4203 statim
1242 4126 1554 4222 habeat,
1622 4157 1776 4233 quo
1813 4158 1985 4207 eum
2018 4129 2436 4233 redarguat.

351 4262 709 4340 Ceterum
755 4288 925 4338 eam
975 4263 1223 4366 legem
1236 4317 1270 4357 ,,
1349 4291 1547 4366 quae
1593 4271 1996 4370 vnicuique
2044 4268 2443 4368 interpreti
