3075 5114
631 375 658 416 1
675 351 770 426 24

1046 340 1130 410 Ρ.
1173 340 1370 412 VIR
1391 338 1681 408 GILII
1746 332 2273 409 MARONIS

621 555 748 604 ME.
789 529 1083 628 Incipe,
1160 522 1458 626 Mopse,
1535 528 1780 624 prior:
1882 499 2135 622 siquos]
2185 538 2315 593 aut
2353 519 2709 614 Phyllidis
2794 532 2804 543 ·

1872 660 2113 754 ignes,
2621 679 2708 727 ιο

621 799 773 873 Aut
809 795 1112 871 Alconis
1152 793 1390 868 habes
1433 791 1734 883 laudeS,
1807 809 1938 864 aut
1987 793 2225 889 iurgia
2272 787 2531 863 Codri.

622 935 921 1031 Incipe;
995 928 1357 1030 pascentis
1400 927 1718 1002 seruabit
1752 929 2052 1019 Tityrus
2107 924 2417 998 haedos.

622 1091 758 1139 mo.
803 1064 1297 1157 Immo-haec,
1350 1067 1430 1135 in
1459 1061 1679 1134 viridi
1718 1084 1963 1161 nuper
2010 1084 2207 1161 quae
2247 1065 2533 1134 cortice
2560 1057 2711 1160 fagi

628 1203 981 1273 Carmina
1026 1179 1401 1297 descripfi,
1480 1216 1558 1269 et
1597 1195 1995 1269 modulans
2042 1197 2329 1272 alterna
2369 1199 2652 1284 notaui,

623 1337 1014 1435 Experiar:
1086 1351 1171 1405 tu
1218 1331 1498 1406 deinde
1540 1330 1801 1404 iubeto
1854 1339 2109 1407 certet·
2121 1336 2502 1425 Amyntas·

787 1536 843 1571 u
888 1530 952 1570 vt
992 1516 1144 1570 Leid.
1187 1516 1410 1570 Mentel.

2618 1326 2708 1403 15

1583 1516 1645 1570 ιδ
1684 1518 1865 1569 Immo
1914 1524 2088 1570 etiam
2141 1514 2327 1569 vz’ridi
2368 1515 2574 1570 zulich.
2644 1521 2711 1569 in

563 1597 570 1616 ³
620 1602 806 1657 viridi
850 1622 905 1655 ιι.
941 1621 1087 1674 quae
1124 1611 1186 1655 in
1227 1622 1271 1656 c.
1310 1598 1544 1656 Parthas.
1618 1601 1864 1654 Heinfius
1906 1601 2269 1671 adscripscrat:
2311 1609 2373 1653 ia
2413 1601 2708 1654 viridis—-

603 1688 771 1763 fagi.

618 1869 846 1914 notauit
886 1860 1069 1913 vitium
1117 1859 1192 1913 est
1239 1859 1355 1912 Ald.
1407 1862 1556 1926 1527.

943 1687 1287 1759 ι4-ι1ςβνίκί
1338 1687 1507 1742 Goth.
1560 1705 1639 1757 pr.
1684 1704 1752 1738 an
1808 1685 2136 1756 destrinxi?
2203 1686 2308 1739 Sed
2366 1687 2549 1740 vitium
2601 1685 2706 1750 ost3

617 1773 692 1830 fic
728 1774 868 1827 idem
907 1772 1019 1827 Eel.
1061 1776 1153 1834 VI.
1194 1794 1254 1828 ια
1315 1769 1685 1846 profit-ixit.-

1770 1771 2185 1843 modulansque
2230 1773 2455 1824 alterna
2497 1771 2703 1824 Zulich.

1722 1859 1783 1911 15
1822 1861 2045 1917 iubeto,
2109 1871 2175 1908 vt
2219 1871 2391 1909 certet
2424 1861 2501 1911 A.
2541 1859 2703 1909 Rom·

621 1945 865 2017 Longob.
896 1945 1093 1999 Medic.
1138 1946 1275 2001 Pier.
1304 1962 1427 1998 cum
1465 1958 1693 2016 quatuor
1721 1942 1900 1995 Heins.
1944 1957 1999 1996 et
2034 1940 2328 2013 Lengnich.
2426 1941 2705 1996 omittitur

617 2049 799 2088 tamen
841 2030 1028 2082 melius
1064 2044 1146 2085 vt.

620 2184 710 2248 est
738 2183 1038 2246 inuidioso
1067 2185 1330 2245 dictum:
1371 2201 1437 2245 vt
1462 2204 1624 2265 pun-

620 2279 727 2372 'gat
797 2284 1102 2367 pastorem
1172 2287 1302 2345 laus
1374 2287 1620 2360 aemuli,

621 2410 886 2470 eamque
915 2388 1073 2448 adeo
1106 2388 1211 2448 ille
1259 2388 1500 2460 eleuet,
1557 2403 1623 2448 vt

621 2514 697 2553 ex
728 2479 984 2551 audacia
1019 2494 1257 2572 potius,
1303 2510 1491 2573 quam
1525 2511 1621 2550 ar·

618 2601 696 2656 tis
731 2593 1142 2665 confidentia,
1197 2609 1431 2654 certare
1476 2614 1621 2654 eum

620 2720 761 2760 cum
846 2693 1206 2756 melioribus
1302 2693 1616 2778 fignificet.

614 2803 766 2861 Hoc
791 2820 942 2857 eum
967 2796 1241 2866 audere,
1261 2799 1431 2875 vese
1456 2798 1622 2858 milei

597 2907 1012 2985 ‚aequiparet
1026 2942 1050 2969 ,
1091 2922 1347 2960 mecum
1387 2918 1618 2971 certet,

616 3006 792 3064 nilu‘l
821 3008 1086 3070 mirum,
1115 3011 1266 3062 cuin
1293 3002 1470 3065 idem
1503 3006 1621 3065 ille

593 3106 777 3185 satis
813 3106 1207 3165 temerarius
1215 3102 1333 3179 fic,
1388 3122 1465 3167 vc
1507 3109 1625 3168 vel

610 3229 762 3267 cum
793 3206 922 3266 diis
949 3206 1442 3284 congrediatur.
1484 3211 1612 3271 Fir-

612 3331 744 3369 mes
780 3307 902 3370 hoc
934 3330 1006 3369 ex
1051 3330 1106 3375 v.
1150 3312 1223 3373 15
1264 3325 1333 3368 cu
1368 3308 1614 3372 deindo

608 3410 837 3471 iubeto
953 3426 1161 3470 certet
1259 3412 1608 3494 Amyntas.

608 3514 795 3594 Apud
819 3511 1225 3574 Theocritum
1262 3516 1494 3577 dictum
1524 3515 1611 3580 est

608 3611 736 3675 fine
780 3613 1233 3679 obtrectatione
1276 3634 1341 3679 et
1371 3622 1608 3683 inuidia

605 3716 720 3790 IV,
741 3718 783 3780 8
810 3716 1012 3797 φαντί
1034 3743 1121 3782 νιν
1138 3718 1450 3807 Ἡρακλῆϊ
1465 3722 1609 3805 βίην

607 3818 712 3882 καὶ
734 3811 949 3900 κάρτος
980 3818 1231 3903 ἐρίσδεν.

700 3940 793 3981 10.
850 3921 942 3979 Ex
968 3921 1235 3985 Theocr.
1280 3927 1341 4000 1,
1398 3948 1471 4007 19
1518 3926 1604 4011 sq.

601 4020 709 4081 Nil
750 4018 864 4081 nifi
904 4038 1057 4085 nota
1100 4027 1303 4111 aliqua
1349 4029 1605 4109 pastori·

597 4125 831 4183 tiorum
863 4130 1200 4189 carminum
1239 4148 1603 4215 argumenta

601 4223 662 4286 h.
712 4226 754 4288 1.
818 4235 1151 4291 memorari
1207 4249 1274 4294 et
1330 4235 1604 4320 vulgaria

1705 2182 2017 2267 pastorum
2108 2186 2368 2243 nomina
2457 2186 2704 2245 recitari

1705 2303 1893 2368 puta;
1955 2307 2078 2368 qua
2127 2285 2206 2347 de
2245 2307 2314 2347 re
2361 2286 2590 2346 dictum
2635 2290 2703 2348 in

1703 2392 1870 2450 Nota
1910 2388 2155 2455 adEcl.
2198 2389 2291 2462 11,
2344 2391 2444 2470 24.
2530 2389 2703 2450 Male

1705 2491 1805 2552 hic
1876 2506 1980 2551 aut
2048 2490 2276 2576 Phyllis
2352 2512 2389 2551 a
2464 2491 2704 2553 Demo-

1702 2594 1988 2678 phoonte
2023 2611 2242 2670 amata,
2297 2609 2404 2654 aut
2434 2595 2700 2669 Codrus,

1703 2698 2086 2761 Athenarum
2127 2719 2268 2771 rex,
2346 2702 2702 2759 nominare-

1704 2817 1822 2862 tur.
1897 2802 1998 2863 De
2027 2800 2238 2862 Codro
2264 2798 2508 2882 pastore
2537 2802 2699 2862 infra

1704 2926 1959 2988 quoque
1986 2905 2126 2978 vn,
2160 2927 2259 2967 22.
2302 2907 2402 2967 26.
2473 2908 2698 2983 iurgia

1704 3005 1906 3067 Codri
1920 3050 1942 3081 ,
2027 3026 2276 3067 carmen
2341 3005 2695 3088 respiciunt,

1702 3131 1830 3192 quo
1874 3114 1923 3169 is
1953 3129 2093 3168 curn
2123 3108 2245 3169 alio
2273 3104 2514 3187 pastore
2551 3129 2697 3170 can-

1699 3227 1768 3271 tu
1811 3209 2233 3271 contenderat.
2319 3209 2413 3268 Ita
2444 3211 2570 3273 Ecl.
2605 3211 2697 3272 111

1696 3311 1941 3373 inscribi
1993 3309 2224 3391 poffet:
2311 3309 2516 3393 Iurgia
2565 3316 2694 3375 Da..

1694 3429 1945 3476 moetae
1990 3429 2055 3474 et
2090 3412 2433 3473 Menalcae.

1789 3525 1885 3595 ¹4·
1936 3516 2202 3576 alterna
2231 3518 2504 3585 uocaui,
2573 3537 2692 3598 per

1692 3621 1925 3681 alterna
1941 3662 1963 3692 ,
2054 3620 2404 3680 alternatim
2461 3640 2688 3681 canons

1689 3722 2068 3797 versiculum,
2128 3739 2193 3785 et
2230 3722 2498 3783 eundem
2538 3743 2690 3785 mox

1687 3827 1968 3888 incidens
2021 3832 2090 3887 in
2145 3830 2454 3889 corticem.
2560 3822 2690 3888 Etfi

1687 3950 1823 3990 non
1862 3930 2019 3991 leuis
2061 3950 2253 4011 opera
2293 3926 2413 3989 ess'e
2445 3927 2682 4002 debuit,

1689 4031 1888 4093 totu'm
1947 4031 2100 4107 hoc,
2186 4031 2361 4114 quod
2416 4031 2684 4115 sequitur

1688 4154 1725 4195 a
1774 4156 1832 4195 v.
1894 4156 1974 4196 20
1985 4179 2009 4211 ,
2099 4155 2349 4196 carmen
2408 4135 2683 4195 incidere

1688 4241 1916 4300 cortici.
2027 4240 2123 4302 15.
2175 4239 2319 4301 vid.
2366 4238 2683 4307 Theocrit.

2272 4406 2279 4455 Q
