3075 5114
683 400 841 445 xx:
1336 375 2102 454 PRAEFATIO

680 576 1073 685 proposita
1106 577 1251 657 ess'e
1292 579 1554 672 debet,
1630 601 1707 654 vt
1747 580 1968 674 nihil,
2047 583 2262 695 quod·
2298 583 2473 663 luce
2519 585 2771 691 aliqua

680 722 1049 820 indigeat,
1106 743 1283 792 cum
1326 716 1425 790 ad
1464 714 1982 791 illustrandum
2026 717 2330 798 difficile
2366 719 2494 816 fit,
2548 730 2769 799 omit.

676 876 787 930 tat
829 881 921 930 ac
960 870 1420 954 praetereat,
1498 851 1692 925 nihil
1732 870 2019 946 autem,
2111 854 2324 958 quod
2368 855 2533 933 ratis
2576 860 2766 939 1110111

675 989 932 1093 perse
987 985 1295 1078 habeat,
1391 985 1650 1060 alienis
1705 986 2110 1065 luminibus
2164 989 2409 1067 affusis
2453 991 2764 1073 offuscet

675 1146 755 1203 et
803 1123 1180 1214 obscuret,
1270 1148 1663 1225 nunquam
1720 1148 1816 1200 611
1879 1124 2118 1201 oculis
2172 1126 2445 1221 dimisi,
2521 1154 2766 1232 eaque
2869 1182 2874 1187 -

667 1258 1025 1337 industria
1083 1276 1161 1333 et
1225 1262 1581 1334 cautione
1650 1285 1778 1335 me
1831 1259 2022 1336 illud
2081 1259 2552 1365 affequutum
2618 1263 2766 1341 effe

669 1396 919 1498 spero,
991 1413 1104 1485 vt,
1185 1391 1241 1468 fi
1283 1419 1443 1469 non
1483 1421 1747 1496 raram¹
1776 1394 2198 1472 doctrinam
2245 1416 2322 1473 et
2367 1398 2762 1500 exquifitas
2863 1460 2870 1467 .

665 1528 1554 1631 vbiquenobseruationes
1618 1532 2028 1623 attulerim,
2111 1552 2190 1606 at
2241 1514 2455 1609 vtiles
2502 1554 2759 1610 tamen

667 1670 1247 1743 commentarios
1298 1671 1379 1739 in
1437 1686 1839 1768 poetarum
1879 1672 2299 1768 principem
2344 1668 2757 1747 condidiffe

662 1803 898 1882 videri
930 1800 1298 1892 debeam,
1368 1807 1449 1876 in
1490 1803 1767 1904 quibus
1814 1827 1902 1876 ea
1938 1802 2316 1902 propofita
2354 1801 2529 1897 fint,
2569 1810 2756 1907 'qui-

626 1939 803 2015 -bus
836 1944 1007 2015 eius
1049 1936 1278 2012 lectio
1307 1937 1686 2029 adiuuari,
1751 1926 2297 2031 commendari,
2347 1960 2457 2033 et,
2506 1939 2561 2016 fi
2590 1969 2753 2018 non

663 2081 874 2152 omni
917 2070 1251 2147 molestia
1299 2071 1653 2163 liberata,
1735 2092 1815 2144 at
1856 2099 2030 2148 cum
2066 2074 2450 2175 voluptate
2496 2096 2750 2155 tamen

663 2213 914 2311 aliqua
958 2212 1400 2297 coniuncta,
1466 2208 1701 2282 videri
1740 2206 1977 2310 poffit.
2081 2213 2344 2311 Itaque
2383 2237 2528 2288 1160
2568 2214 2750 2290 doc·

662 2353 935 2432 trinam
974 2362 1254 2444 poetae
1285 2345 1346 2436 *)
1391 2340 1755 2418 illustrare
1793 2343 2125 2443 neglexi,
2196 2363 2303 2439 et,
2380 2346 2433 2420 fi
2471 2322 2620 2449 qua
2648 2350 2743 2423 ab

654 2508 754 2559 eo
808 2478 1138 2569 erudite,
1178 2514 1185 2517 ·
1222 2476 1377 2552 hoc
1423 2476 1564 2570 est,
1647 2477 1802 2554 fiue
1861 2505 1957 2557 ex
1997 2478 2263 2555 fabulis
2309 2502 2387 2559 et
2426 2483 2744 2566 historiis

658 2615 991 2694 arceffita
1038 2613 1194 2689 siue
1232 2639 1328 2689 ex
1359 2617 1830 2691 Graecorum
1875 2636 2270 2718 poetarum
2318 2623 2744 2698 imitatione
2833 2671 2840 2676 -

654 2751 892 2857 posita
953 2747 1226 2842 effent,
1306 2750 1435 2825 illa
1499 2752 1705 2843 loca,
1792 2748 1848 2825 fi
1896 2749 2313 2856 supersunt,
2391 2761 2736 2850 excitaui,

651 2918 801 2970 nec
839 2873 1132 2977 tamen,
1219 2884 1348 2961 etfi
1394 2887 1549 2963 hoc
1602 2914 1810 2963 nuuc
1847 2885 2132 3002 factum
2171 2887 2317 2966 esse
2357 2891 2739 2967 interdum

650 3026 989 3113 mallem,
1050 3026 1342 3122 integra
1383 3019 1760 3124 adscripfi,
1835 3049 1956 3100 ne.
1982 3026 2221 3102 moles
2270 3047 2737 3103 commenta·-

649 3170 937 3237 riorum
977 3155 1293 3230 modum
1325 3156 1746 3233 excederet.
1833 3163 2012 3257 Quo
2048 3160 2326 3236 eodem
2350 3182 2571 3252 metu,
2589 3189 2738 3240 1160

649 3295 997 3397 exempla
1043 3316 1500 3368 coaceruare
1532 3297 1613 3367 in
1643 3294 1977 3371 dictione
2018 3294 2748 3395 explicandayolui,

651 3432 778 3508 sed
822 3455 995 3506 cum
1038 3427 1488 3504 breuitatem
1534 3456 1758 3504 vnam
1789 3433 2131 3505 omnium
2161 3436 2566 3506 maximam
2590 3437 2742 3509 vir·.

649 3587 891 3644 tutem
933 3564 1097 3640 talis
1143 3589 1421 3666 operae
1460 3562 1609 3642 6116
1649 3585 2035 3669 putarem,
2127 3571 2742 3671 quotiescunque

745 3757 811 3839 *)
852 3753 1185 3818 Profitetur
1242 3775 1380 3818 eam
1446 3772 1644 3839 poeta
1730 3767 1933 3838 eoque
1962 3756 2273 3837 pociora,
2321 3751 2420 3815 acl
2443 3755 2522 3816 id
2545 3745 2729 3838 opus,

649 3861 778 3943 ipse
810 3865 876 3921 in
902 3856 1171 3941 Epistola
1201 3859 1279 3920 ad
1302 3857 1645 3944 Augustum
1726 3858 2072 3921 Aeneidem
2113 3876 2284 3941 puta.
2371 3861 2562 3922 Haec·
2590 3859 2732 3923 sunt

636 3963 1009 4042 Caesaremg
1046 3967 1130 4024 ait
1157 3968 1354 4025 enim:
1412 3965 1494 4042 se
1522 3966 1650 4024 im-
1728 3982 1840 4033 ea,
1921 3981 2088 4046 quae
2143 3963 2224 4025 ad
2293 3967 2732 4047 antiquitatem

641 4068 883 4152 pet-tiri
925 4064 1019 4144 (h.
1052 4089 1105 4128 e.
1142 4065 1459 4148 adhibere)
1500 4068 1644 4125 alia
1726 4063 2093 4150 mythicam,
2171 4070 2450 4148 inprimis
2490 4067 2726 4142 Italiae,

650 4190 911 4255 91109116
946 4168 1207 4245 studia,
1277 4187 1479 4253 quam
1518 4190 1641 4228 nu·
1727 4186 1790 4230 et
1833 4171 1912 4229 ad
1940 4170 2345 4252 Tragicorum
2388 4171 2724 4234 lectionem

646 4291 975 4334 merorum
1009 4289 1071 4333 ec
1100 4275 1432 4357 po‘ecicas,
1474 4273 1640 4334 mul*
1719 4270 2017 4355 spectant.
