3075 5114
665 349 1367 425 GssoncmoN
1436 340 2187 436 LIB.I,318-321

2338 326 2489 413 355

414 546 675 618 Ferret
708 539 951 614 hiems
1004 535 1488 636 culmumque
1541 531 1794 609 leuem
1864 527 2309 632 stipulasque
2360 549 2493 600 vo·

1650 665 1897 742 lautis.

544 873 641 929 321
684 871 1076 946 stipulamque
1111 871 1405 925 volantem
1440 833 1622 921 Frmcss
1701 863 2096 937 stipulamque
2138 865 2319 917 leuem
2376 837 2528 915 cul-⁸

413 977 644 1030 mosque
671 961 940 1012 volantes
962 956 1170 1010 zulich.
1223 953 1591 1027 ⁸stipulasque
1616 951 1901 1021 sonantes
1927 952 2093 1006 Goth.
2125 970 2238 1024 pr.;
2277 965 2329 1014 vt
2348 948 2489 1022 frn-

412 1047 555 1116 giles
597 1048 850 1098 calamos
882 1042 1209 1114 filaamque
1244 1040 1555 1112 sonantem
1597 1037 1794 1107 Georg.
1825 1039 1865 1097 1,
1899 1040 1981 1107 76.

2080 1039 2351 1105 lucosque
2381 1037 2489 1107 so-

414 1144 613 1183 nantes
638 1129 747 1183 Ecl.
776 1129 847 1192 Χ,
880 1129 966 1184 58.
1036 1129 1321 1182 Enimuem
1364 1143 1506 1179 nunc
1540 1121 1746 1186 volant,
1788 1122 1918 1177 dum
1956 1121 2024 1177 ab
2061 1142 2188 1178 aura
2214 1124 2479 1188 sumntum

408 1233 524 1268 non
563 1213 769 1272 sonant.

414 1382 626 1461 gotio,
720 1376 961 1452 hiems,
1043 1367 1403 1458 tempestas,

401 1481 629 1560 ferret
683 1482 966 1540 culmum
1007 1494 1124 1541 etc.
1234 1479 1406 1539 Haec

417 1600 625 1645 tamen
670 1587 1048 1666 comparatio
1077 1601 1296 1662 parum
1329 1578 1406 1638 ad

419 1688 764 1769 augendam
818 1690 912 1746 rei
962 1677 1269 1764 δεινότητα
1317 1682 1408 1742 fa·

418 1810 580 1864 cere,
634 1793 826 1850 immo
857 1807 996 1848 eam
1042 1789 1408 1846 imminuere

419 1912 490 1951 ac
529 1892 850 1975 frangere,
907 1890 1167 1951 videtur.
1280 1888 1411 1947 Ru·

421 2014 570 2055 aeus
640 1999 722 2053 ita
794 1999 1257 2075 interpretatur,
1344 2003 1409 2050 vt

419 2096 609 2157 verba
636 2093 754 2157 fint
781 2094 1274 2177 epiphonematis
1317 2092 1410 2153 lo-

421 2222 529 2261 co:
588 2214 729 2260 eam
767 2197 968 2277 denso
1008 2195 1232 2257 nimbo
1273 2198 1411 2255 iac-

421 2304 649 2363 tabae'
710 2303 1009 2385 procella
1117 2300 1410 2360 calamos

418 2406 599 2465 lenes
651 2421 718 2464 oc
763 2404 1047 2488 stipulas
1087 2404 1408 2466 volantes.

419 2507 654 2570 Verum
681 2506 763 2568 fic
778 2507 1054 2587 ferebat
1075 2506 1411 2569 dicendum

417 2627 571 2673 erat.
656 2611 954 2671 Catroeus
997 2614 1200 2683 vertit,
1244 2606 1413 2691 quast

419 2727 613 2795 poeta
655 2712 922 2773 diceret:
982 2727 1103 2772 aut
1149 2711 1414 2772 turbine

416 2818 634 2894 nigro.
718 2816 787 2876 'Si
828 2815 1267 2877 emendatione
1313 2834 1412 2876 rea

416 2919 764 3002 indigeret,
864 2920 1146 3002 procliue
1232 2914 1413 2978 esset:

420 3024 524 3081 ica
586 3019 850 3081 turbina
921 3025 1110 3101 nigro
1173 3021 1245 3083 V
1241 3021 1417 3100 arsat

422 3123 666 3215 hiems:
723 3124 897 3206 quod
935 3121 1136 3186 firmes
1179 3145 1254 3186 ex
1291 3126 1415 3185 Lu-

425 3230 655 3302 cretio,
747 3231 914 3288 cuius
994 3226 1196 3288 versus
1271 3244 1415 3289 anto

422 3332 640 3393 oculos
684 3327 957 3391 habuiffe
995 3326 1205 3391 noster
1247 3330 1417 3391 vide·

422 3448 527 3495 tur
568 3432 676 3494 lib.
721 3434 802 3507 V,
849 3434 973 3495 218
1054 3434 1146 3493 Ee
1192 3447 1416 3491 tamen

421 3534 762 3597 interdum
815 3556 1058 3615 magno
1123 3533 1417 3619 quaql'tca

423 3638 658 3699 laboro
695 3673 782 3686 -
821 3639 971 3700 Aue
989 3638 1212 3718 subiti
1238 3641 1417 3719 peri·

429 3756 621 3800 mune
700 3741 943 3801 imbres
1022 3741 1419 3825 gelidaequa

427 3848 700 3918 ruinae,
771 3844 1148 3928 Flabraqne
1188 3860 1421 3905 vento·

429 3969 581 4008 rum
620 3949 911 4008 violento
960 3947 1226 4008 turbine
1269 3969 1421 4009 von-

406 4051 619 4130 sant:
663 4051 764 4113 seu
791 4053 1007 4113 melius
1035 4067 1308 4127 vexant,
1355 4068 1421 4115 vt

431 4154 535 4213 alii
603 4154 837 4238 legunt.
990 4156 1196 4240 Atque
1269 4153 1422 4217 haec

431 4272 641 4331 erant,
706 4277 866 4341 qnae
909 4279 1014 4321 me
1059 4259 1208 4335 olim
1247 4262 1316 4322 in
1357 4258 1421 4322 h.

1488 1370 1534 1433 l.
1588 1390 2108 1437 commentantem
2166 1375 2248 1436 ad
2305 1374 2491 1439 subti-
2547 1385 2552 1390 '

1490 1477 1711 1540 liorem
1740 1482 2040 1538 rationem
2072 1477 2486 1542 abducebant.

1492 1581 1777 1640 Necdum
1805 1601 1904 1641 me
1939 1581 2148 1641 iudicii
2180 1587 2302 1643 mei
2331 1605 2488 1664 poe·

1491 1689 1681 1754 nitet;
1766 1703 1903 1744 non
1949 1687 2117 1744 enim
2160 1682 2309 1743 mibi
2355 1685 2490 1750 satio
2555 1703 2560 1708 '

1492 1802 1663 1858 erat,
1719 1783 1953 1845 sensum
1992 1785 2490 1870 qualemcunque

1494 1893 1768 1971 arripere
1811 1904 1913 1948 aut
1969 1889 2230 1962 inferro,
2275 1909 2492 1953 verum

1492 2014 1571 2053 ex
1639 1988 1777 2072 ipsis
1835 1990 2036 2052 verbis
2097 1997 2493 2074 grammatica

1488 2096 1633 2178 lege
1687 2109 1750 2157 et
1788 2097 2032 2155 ratione
2074 2094 2308 2155 sensum
2355 2117 2492 2158 eru.

1491 2219 1618 2259 ere.
1706 2197 1833 2279 Qui
1872 2202 2079 2281 itaque
2125 2198 2358 2281 aliquid
2398 2199 2494 2261 di-

1491 2283 1633 2361 ccre
1661 2300 1813 2372 vult,
1848 2301 2022 2384 quod
2050 2301 2128 2361 ad
2154 2323 2287 2362 rem
2320 2302 2491 2386 spec-

1491 2417 1604 2475 tet,
1642 2404 1702 2463 oi
1728 2398 1815 2463 est
1840 2409 2231 2486 grammatice
2259 2405 2493 2468 docen-

1494 2506 1665 2580 dum,
1718 2507 2040 2588 quomodo
2066 2511 2168 2569 ita
2209 2540 2295 2555 —
2336 2511 2492 2593 fer-

1494 2625 1601 2671 tet
1642 2606 1825 2691 poffit
1884 2607 2005 2673 ess'e
2062 2610 2294 2673 dictum
2349 2636 2490 2696 pro,

1498 2711 2055 2799 quemadmodum
2085 2713 2293 2776 hiems
2313 2719 2489 2796 fert.
2571 2736 2576 2745 ·

1496 2817 1745 2897 Scilicet
1773 2835 1808 2875 a
1835 2819 2071 2896 poetis.
2130 2817 2210 2878 ad
2256 2824 2495 2881 varian-

1498 2920 1644 2981 dam
1691 2922 2076 2992 orationem,
2139 2916 2280 2992 stc,
2357 2923 2491 2995 ica,
2577 2938 2586 2949 ·

1497 3021 1690 3083 haud
1750 3022 1987 3105 alifer,
2054 3024 2353 3101 pariter,
2424 3027 2495 3085 in

1498 3125 1622 3189 fine
1668 3125 2004 3189 sententiae
2038 3124 2252 3188 subiici
2291 3123 2493 3187 solent

1500 3234 1959 3313 comparatIue:
2069 3227 2239 3289 haud
2314 3229 2495 3291 aliter

1500 3334 1732 3408 hiems,
1800 3335 2003 3415 grauia
2043 3328 2368 3412 tempestas
2416 3353 2493 3396 ea

1497 3451 1677 3519 parte
1746 3439 1930 3509 anni,
2014 3456 2135 3519 qua
2187 3424 2498 3518 procelloss

1497 3539 1626 3604 sum
1662 3555 1904 3622 tempus
1934 3537 2053 3600 effe
2084 3539 2232 3601 solet
2243 3585 2265 3616 ‚
2326 3542 2500 3619 (auc-

1500 3658 1719 3704 tumno
1752 3657 1816 3704 et
1848 3663 1992 3702 vere
2022 3640 2099 3703 vs.
2133 3645 2495 3708 311—-515,

1498 3766 1633 3806 non
1677 3765 1838 3828 quae
1884 3742 2106 3821 nostra
2144 3743 2352 3803 hieme
2407 3746 2502 3807 di·-

1506 3851 1684 3929 citur)
1721 3863 1856 3910 orta
1886 3848 2134 3928 ferree,
2178 3848 2495 3929 diriperet,
2547 3866 2564 3877 '

1504 3949 1772 4032 stipulas,
1829 3972 2019 4036 quam
2065 3971 2237 4013 nunc
2291 3952 2501 4016 media

1507 4052 1732 4117 aestate
1779 4055 2068 4116 radicitus
2112 4050 2317 4115 aristas
2360 4054 2500 4115 fert.

1504 4157 1582 4235 In
1648 4154 1765 4219 hac
1818 4158 2068 4220 demum
2134 4160 2500 4239 interpreta-

1505 4265 1682 4327 tione
1712 4260 2094 4349 acquiescere
2116 4260 2283 4327 licet·
2332 4261 2504 4326 Con,
