3075 5114
613 369 764 462 494

1033 365 1120 438 P.
1162 338 1669 440 vanZn
1730 362 2257 487 MAROMS

612 550 970 633 Caeditur
1006 570 1083 628 et
1129 570 1419 628 veteres
1461 556 1728 626 ineunt
1774 552 2160 654 proscenia
2218 549 2403 640 ludi,

609 691 1106 788 Praemiaque
1149 690 1461 785 ingeniis
1511 713 1744 786 pagos
1799 706 1876 762 et
1921 692 2253 789 compita
2302 690 2590 761 circum

543 868 556 871 -
609 822 979 899 Thesidae
1017 818 1329 924 posuere
1343 849 1364 911 3
1435 839 1665 922 atque
1723 827 1922 898 inter
1978 822 2257 925 pocula
2306 821 2489 895 laeti

763 993 867 1047 382
911 999 1166 1063 ingentes
1217 989 1297 1041 vel
1339 996 1588 1060 lugentis
1633 990 1791 1062 vulgo
1843 990 2071 1060 lectum3
2140 990 2206 1045 sc.
2244 987 2540 1050 Theudae,
2589 982 2685 1040 edi

607 1077 810 1141 Pierius
853 1078 959 1138 iam
998 1073 1463 1134 commendauerat
1504 1073 1755 1133 alterum:
1833 1076 1902 1131 ad
1943 1077 2092 1152 quod
2133 1076 2489 1149 recipiendum
2532 1074 2689 1126 mima

610 1165 680 1217 ris
723 1161 999 1218 flaianum
1044 1162 1146 1215 hic·
1170 1158 1304 1214 adeo
1337 1159 1583 1229 timidum
1620 1160 1784 1214 fuisse,
1864 1165 2128 1235 Ingentis
2167 1163 2394 1236 reposuit
2428 1164 2684 1216 Burman-

606 1268 710 1303 nus
751 1267 815 1301 ex
855 1245 1216 1319 antiquissimis
1245 1245 1426 1306 Pierii.
1463 1244 1819 1318 Philan-gyrio,
1858 1249 1978 1303 cod.
2012 1250 2211 1314 Vidini,
2247 1265 2300 1303 et
2329 1248 2413 1302 ed.
2445 1248 2582 1302 Ven.

612 1391 959 1450 minimum
996 1389 1166 1451 vices
1196 1401 1401 1470 aeque
1431 1386 1613 1445 oleas
1695 1391 1814 1472 qm*
1853 1393 2108 1470 tragico
2150 1392 2352 1451 vilem
2398 1388 2684 1450 certauit

613 1524 703 1542 --
762 1494 869 1553 Sio
903 1491 1212 1571 factum,
1264 1505 1340 1549 ve
1366 1489 1608 1549 Libero

607 1597 815 1676 paeri,
859 1595 1186 1675 repertori
1213 1595 1393 1661 vicis,
1439 1593 1612 1651 hirci

611 1697 1156 1766 immolarentur,
1187 1694 1493 1778 proinde,
1532 1710 1608 1755 vt

599 1805 831 1884 'eapite
876 1799 1119 1860 darent
1150 1820 1423 1881 poenas.
1526 1799 1609 1867 Et

608 1920 796 1967 notus
830 1900 917 1965 est
942 1904 1114 1965 locus
1145 1902 1335 1965 Ouid.
1377 1898 1527 1971 Fast-
1553 1900 1603 1974 1,

612 2009 742 2071 353
771 2006 931 2089 sqq.;
983 2021 1048 2065 et
1089 2008 1330 2087 quoties
1359 2023 1493 2063 non
1540 2006 1607 2063 iu

616 2113 874 2192 gemmis
931 2127 1118 2188 caper
1169 2112 1322 2167 vitea
1364 2119 1470 2164 aut
1512 2124 1606 2164 ar-

611 2211 798 2272 bores
895 2209 1190 2270 arrodens
1289 2206 1603 2269 occurrit?

608 2314 808 2375 Recte
856 2310 1045 2391 haec;
1108 2311 1273 2377 vnde
1313 2309 1448 2371 satis
1495 2330 1601 2392 ap·

607 2430 787 2499 paret
817 2418 1002 2497 primi
1038 2413 1238 2474 versus
1279 2411 1599 2481 sententia,

608 2519 693 2583 ob
743 2518 903 2580 hanc
941 2517 1165 2580 vitibus
1206 2517 1434 2578 illatam
1484 2537 1602 2579 no-

605 2646 745 2685 xam
791 2623 1028 2684 hircum
1071 2626 1137 2681 in
1167 2619 1391 2681 Bacchi
1425 2620 1602 2681 sacris

603 2731 902 2806 mactari;
993 2741 1057 2786 at
1108 2728 1275 2785 enim
1337 2724 1602 2785 eandem

601 2835 796 2893 etiam
836 2828 919 2890 ob
955 2825 1219 2890 cauffam
1248 2828 1379 2888 ludi
1410 2825 1604 2886 sceni-

607 2937 667 2996 ci
691 2934 878 2994 facti?
935 2933 1196 2993 eandem
1226 2929 1310 2992 ob
1338 2926 1600 2989 cauffam

605 3034 1027 3099 {scoliasmusi’
1132 3033 1359 3095 hincne
1413 3030 1602 3092 Libe-

604 3141 801 3201 ralia?
839 3154 903 3199 et
944 3138 1226 3220 reliqua?
1291 3137 1462 3196 Haec
1488 3155 1600 3196 ne·

602 3248 760 3303 mini
792 3238 1040 3302 molesta
1075 3240 1267 3300 fuere.
1353 3239 1601 3300 Scilicet

603 3351 885 3428 poeticus
952 3330 1202 3403 ornatus
1261 3341 1598 3403 sententiae

600 3462 774 3510 recte
835 3444 1230 3526 accipiendae
1290 3461 1354 3507 et
1408 3451 1598 3506 inter-

599 3550 977 3634 pungendae
1011 3546 1245 3622 obfuit,
1309 3568 1468 3632 quae
1507 3551 1593 3607 ita

600 3650 944 3737 procedere
1018 3649 1242 3712 debetx
1353 3651 1443 3711 Ea
1514 3650 1593 3711 de

603 3750 802 3815 cauffa
834 3773 1018 3834 caper
1055 3756 1123 3817 in
1153 3752 1376 3813 Bacchi
1418 3752 1592 3814 sacris

600 3857 978 3928 immolatur,
1050 3845 1134 3928 et,
1210 3877 1348 3915 cum
1391 3854 1593 3916 hircus

598 3959 786 4023 semel
814 3957 1055 4019 Baccho
1098 3958 1261 4019 sacer
1290 3955 1468 4031 ess'et,
1523 3962 1592 4018 in

597 4078 808 4124 vetere
879 4063 1194 4145 tragoedia
1250 4059 1592 4123 Athenien?

595 4162 745 4228 fium
782 4185 969 4246 caper
1004 4169 1205 4247 poetis
1247 4168 1590 4247 praemium

598 4286 733 4333 erat
787 4267 1169 4354 propofitum
1187 4313 1209 4345 ,
1298 4271 1594 4330 carmine

1655 1940 1670 1957 ·
1688 1908 1976 1968 inunctos
2034 1901 2357 1963 adfilirent.

1696 1493 1779 1553 ob
1822 1495 2078 1553 hircum
2121 1495 2337 1554 Horat.
2374 1495 2504 1555 Art.
2541 1512 2680 1554 220·

1693 1597 1769 1656 cf.
1816 1597 2046 1658 Tibull.
2087 1597 2179 1671 11,
2234 1619 2288 1670 1,
2332 1601 2415 1661 55
2488 1612 2552 1657 et
2593 1593 2679 1655 ibi

1689 1688 1838 1769 Not.
1853 1744 1873 1773 ,
1916 1721 2036 1761 nec
2063 1722 2197 1763 non
2227 1699 2477 1769 hircinis
2505 1698 2684 1780 pelli·

1689 1800 1803 1863 bus
1833 1817 1990 1864 vtres
2021 1803 2193 1874 facti,
2249 1807 2316 1865 in
2344 1824 2501 1885 quos
2538 1803 2684 1868 oleo

2475 1904 2636 1962 Tum
2654 1945 2675 1973 ‚

1688 2006 1861 2088 quod
1902 2002 2139 2087 'poetae
2189 2002 2416 2065 licebat
2458 2008 2525 2063 in
2571 2023 2674 2063 orv-

1687 2125 1901 2169 natum
1930 2107 2299 2190 captandum
2333 2104 2671 2188 exspatiari,

1686 2210 2005 2294 quomodo
2037 2232 2111 2271 ex
2143 2211 2527 2277 Graecorum
2559 2207 2679 2269 illis

1683 2314 1860 2376 sacris
1928 2315 2148 2379 Latina
2216 2313 2493 2376 eiusdem
2575 2310 2678 2376 dei

1682 2415 1844 2478 sacra
1870 2406 2178 2491 fluxerint,
2214 2429 2676 2479 commemorat.

1683 2517 1931 2582 Illustris
1991 2521 2162 2583 locus
2226 2518 2346 2592 est:
2440 2516 2673 2602 lingula

1684 2624 2048 2685 videbimus.

1771 2730 1916 2791 381.
1966 2742 2221 2787 veteres
2260 2724 2405 2785 ludi
2435 2726 2667 2782 ineunt

1675 2831 2051 2913 proscenia,
2092 2852 2229 2912 pro,
2285 2830 2455 2901 olim,
2512 2830 2670 2886 anti-

1684 2938 1819 3024 quis
1852 2932 2252 3015 temporibus,
2294 2930 2426 2991 ludi
2456 2933 2521 2989 in
2551 2920 2672 2989 sce·

1681 3055 1824 3095 nam
1866 3037 2135 3105 inducti,
2188 3034 2364 3107 facti,
2419 3030 2673 3094 exhibiti

1681 3136 1836 3199 sunt.
1915 3137 2372 3221 proscenium,
2415 3137 2670 3217 proprie

1682 3253 1825 3302 a'nte
1889 3240 2128 3303 scenam
2200 3239 2397 3300 versus
2454 3236 2669 3300 orche-

1679 3340 1893 3418 stram,
2004 3344 2309 3426 pulpitum
2367 3340 2665 3413 habebat,

1681 3468 1809 3529 quo
1870 3462 2108 3508 actores
2160 3444 2530 3528 prodibant,
2602 3440 2665 3502 h.

1675 3549 1717 3611 1.
1746 3554 2004 3611 omnino
2032 3570 2150 3632 pro
2182 3547 2352 3610 scena
2381 3544 2663 3631 positum.

1676 3654 1823 3716 382.
1866 3655 2011 3716 385.
2093 3650 2428 3728 Thesidae,
2480 3650 2667 3713 Athe-

1678 3755 1951 3829 nienses,
2019 3757 2299 3838 posuere
2334 3757 2668 3836 praemia,

1676 3878 1792 3937 pro
1823 3864 2123 3938 praemio,
2173 3835 2669 3936 hircum,·inge-

1676 3962 1839 4028 niis,
1885 3959 1944 4020 h.
1976 3966 2212 4042 poetis,
2258 3965 2508 4021 virorem
2540 3980 2666 4043 pa·

1668 4082 1790 4142 gos
1846 4079 1913 4122 ec
1969 4068 2275 4146 compita.
2377 4064 2543 4125 Nota
2584 4062 2665 4125 de

1672 4171 1872 4247 prima
1897 4172 1987 4228 rei
2015 4168 2284 4239 scenicae
2309 4173 2549 4251 origine
2580 4168 2667 4228 fa·

1674 4268 1839 4333 bula.
1884 4255 1941 4334 νζ
1969 4273 2209 4336 Horatii
2239 4274 2366 4338 Art.
2403 4274 2523 4356 275
2552 4270 2662 4355 sq„
