3075 5114
601 330 1305 413 ononomoN
1366 335 1572 407 Lm.
1602 336 1709 424 11,
1745 334 1897 431 319
1933 333 2201 409 ——328
2353 341 2492 421 481

396 530 759 625 Coniugis
795 530 876 597 in
918 526 1304 624 gremium
1345 521 1588 596 laetae
1636 521 2047 613 descendit,
2106 541 2182 596 et
2231 548 2494 601 omnes

391 642 712 761 Magnus
752 660 919 750 alit,
970 685 1243 757 magno
1276 664 1701 731 conmixtus
1739 684 2098 759 corpore,
2163 658 2384 734 fetus.

393 800 586 871 Auia
637 816 799 868 tum
850 792 1200 868 resonant
1245 794 1512 867 auibus
1570 795 1883 894 virgulta
1927 799 2243 885 canonia,

395 974 554 1030 Voss‘.
627 972 906 1049 Ingeniose
935 972 1010 1026 W
1018 974 1150 1027 akel'.
1182 974 1250 1027 ad
1278 977 1483 1028 Lucret.
1510 975 1553 1035 1,
1582 974 1679 1027 231
1724 973 1861 1026 coni.
1935 975 2072 1028 Tum
2102 977 2291 1039 Pater,
2318 977 2489 1031 omni·

392 1083 598 1135 parens
618 1062 903 1134 secundis
933 1063 1217 1123 imbribus,
1275 1062 1492 1115 Aether
1522 1060 1591 1113 nd
1612 1061 1907 1132 exemplum
1938 1062 2212 1134 Calpurnii
2239 1063 2383 1125 vm,
2417 1065 2485 1118 35

393 1153 775 1220 Omm’parens
825 1148 1041 1202 Aether
1081 1164 1133 1201 et
1173 1148 1487 1201 Auieniz—
1560 1149 1722 1200 Iouis
1771 1156 2215 1218 omm'pareme's:
2324 1168 2486 1221 quern

390 1238 574 1291 confer
602 1238 655 1288 in
692 1254 767 1305 pr.
799 1236 941 1287 Arati
981 1234 1273 1287 Phaenom.
1413 1235 1516 1287 326
1554 1236 1742 1295 latae,
1785 1236 1922 1296 late,
1962 1234 2204 1288 aberrant
2235 1251 2479 1308 quatuor.

305 1308 312 1321 ”
390 1325 490 1391 327
533 1332 846 1392 penninas
892 1319 1032 1392 apud
1075 1322 1315 1373 Laetam.
1354 1318 1421 1371 de
1460 1318 1584 1372 falsa
1626 1320 1768 1390 relig.
1812 1319 1902 1372 lib.
1932 1321 1971 1378 1.
2004 1322 2054 1374 5.
2216 1322 2318 1375 328
2358 1341 2481 1373 cum

390 1408 643 1463 Cantabr.
687 1423 818 1459 cunc
847 1407 1009 1459 Rom.
1047 1411 1207 1458 Auta
1237 1422 1420 1459 vocem
1444 1406 1649 1459 sutilem
1678 1406 1984 1478 pronuntiat
1999 1407 2213 1460 Wakef.
2234 1425 2286 1462 οι
2303 1427 2480 1462 emen-

391 1495 484 1549 dat
526 1496 747 1547 Laenio
773 1491 841 1545 nd
869 1493 970 1545 Ge.
1000 1494 1066 1554 11,
1094 1495 1198 1563 596
1237 1509 1291 1547 et
1319 1493 1426 1545 hoc
1450 1490 1551 1546 effe
1584 1492 1725 1545 idem
1768 1492 1915 1565 quod
1942 1493 2142 1555 mollia,
2184 1509 2385 1549 tenera.

395 1654 656 1733 antiquo
687 1649 1005 1724 sermone,
1065 1671 1194 1732 quo
1242 1670 1392 1731 poe-

393 1767 496 1812 tae
539 1751 813 1835 phylicas
850 1775 947 1815 res
995 1753 1394 1833 exponebant

394 1870 459 1915 et
520 1856 858 1926 ornabant,
945 1856 1110 1915 vnde
1167 1854 1393 1915 dehinc

389 1979 614 2041 magna
659 1958 954 2043 niytlnices
1004 1979 1143 2039 pars
1196 1958 1390 2017 fluxit.

390 2060 629 2121 Aether
657 2059 717 2120 h.
747 2061 789 2120 l.
832 2083 970 2120 cum
1001 2060 1198 2121 Terra
1242 2082 1390 2122 con-

392 2167 535 2245 iuge
579 2180 993 2247 memoratur5
1064 2166 1211 2225 alias
1257 2166 1389 2247 ple*

389 2287 654 2349 rumque
724 2266 888 2327 Iouis
961 2272 1220 2328 nomine
1295 2273 1389 2326 in-

389 2366 802 2451 figniebatur:
926 2372 1237 2430 interdum
1323 2385 1387 2429 vt

388 2472 700 2552 superior,
759 2472 917 2532 Iuno
948 2475 1225 2545 inferior,
1291 2496 1387 2532 re—

390 2581 494 2659 gio
529 2573 709 2647 esset,
763 2578 1071 2635 interdum
1118 2594 1177 2637 vt
1220 2576 1387 2658 Iupi-

392 2695 488 2739 ter
544 2682 802 2739 omnino
858 2702 1109 2750 omnem
1154 2702 1382 2753 aerem,

390 2783 675 2863 adeoque
735 2781 1221 2861 atmosphaeram
1280 2784 1384 2843 de-

388 2881 688 2966 signaret,
750 2899 815 2941 vt
850 2882 908 2942 h.
944 2884 985 2943 l.
1071 2888 1234 2946 Hinc
1273 2908 1383 2946 na·

389 3002 520 3047 tum
573 2983 1048 3067 antiquiffimum
1099 2986 1384 3068 phantas-

387 3109 523 3162 ma,
587 3105 648 3147 vt
690 3094 919 3161 Amor,
982 3090 1378 3174 Coniugium,

387 3191 769 3253 Concubitus
788 3234 807 3262 ‚
883 3192 1152 3254 Naturae
1172 3237 1189 3265 ,
1266 3197 1381 3254 Ae-

385 3293 574 3356 theris
616 3310 680 3355 et
717 3295 985 3368 Terrae,
1030 3295 1196 3356 Iouis
1242 3318 1382 3356 curn

385 3398 670 3471 Iunone,
761 3416 1381 3473 commemoraretur,

387 3507 628 3586 quoties
669 3500 746 3562 de
779 3502 1219 3563 secundatione
1264 3518 1382 3562 ter-

383 3627 511 3680 rae,
558 3627 718 3689 quae
761 3604 829 3665 fit
870 3625 1014 3666 vere
1049 3621 1155 3665 aut
1183 3604 1381 3665 imbre

385 3729 600 3791 agrum
685 3725 1037 3782 recreante,
1161 3712 1378 3789 agitur.

384 3812 627 3873 Nobilis
673 3813 1004 3891 priscorum
1048 3827 1377 3891 poetarum

383 3914 631 4000 mythus
711 3913 856 3974 hinc
929 3915 1148 3974 ductus
1226 3908 1382 3998 ἵερός

384 4012 572 4096 γάμος
605 4018 853 4077 Iunonis
886 4017 1029 4093 (vid.
1060 4017 1170 4078 inf.
1198 4016 1276 4074 T.
1300 4014 1380 4089 11,

385 4142 528 4203 pag.
574 4121 762 4201 375).
881 4121 1018 4200 Ipse
1073 4120 1381 4180 Homerus

385 4215 532 4285 hin'e
571 4224 827 4284 Iunonis
867 4221 1009 4284 sune
1057 4243 1197 4283 cum
1223 4223 1386 4283 Ioue

480 4328 675 4388 Tom.
709 4326 741 4384 1

1475 1647 1861 1731 congress'um
1908 1646 2143 1709 effinxit
2195 1651 2369 1711 Iliad.
2416 1654 2477 1730 ἔ,

1475 1752 1604 1830 546
1700 1751 1826 1834 sqq.
1995 1753 2171 1831 Quos
2277 1755 2476 1815 versus

1476 1856 1794 1937 praeclare
1853 1863 2161 1916 conuertit
2218 1858 2473 1918 Petron.

1479 1981 1617 2040 cap.
1683 1977 1819 2038 ¹²7·
1965 1956 2259 2039 Expressit
2325 1979 2474 2019 vero

1474 2059 1683 2123 noster
1756 2065 2036 2143 proxime
2105 2063 2346 2121 Lucret.
2408 2062 2472 2135 I,

1477 2169 1595 2228 251
1653 2164 1735 2247 sq.
1818 2163 1912 2236 11,
1964 2184 2081 2244 99¹
2139 2165 2222 2247 sq.
2338 2166 2478 2229 Alia

1451 2266 1681 2327 'similia
1715 2272 1801 2325 ae
1832 2265 2137 2327 disfimilia
2174 2268 2309 2327 loca
2351 2270 2473 2329 vid.

1471 2392 1570 2450 ap.
1614 2370 1910 2443 Cerdoni,
2022 2375 2128 2453 qui
2198 2385 2262 2432 et
2332 2392 2475 2431 curn

1470 2470 1690 2531 Vrfino
1740 2474 1924 2544 vidit,
1996 2470 2358 2557 Aeschylum
2407 2490 2472 2535 et

1468 2577 1823 2657 Euripidem
1864 2582 1928 2636 in
1962 2575 2081 2638 hoc
2110 2576 2469 2658 praeiuiss‘e:

1470 2702 1736 2763 quorum
1831 2680 1967 2739 loca
2041 2681 2206 2760 apud
2281 2681 2471 2741 Athe-

1471 2806 1554 2844 na
1570 2804 1713 2844 eum
1741 2781 1911 2849 xl11.
1932 2804 1993 2861 p.
2028 2785 2152 2844 600
2182 2782 2337 2843 sunt.
2388 2784 2465 2843 cf.

1469 2887 1595 2967 sup.
1653 2885 1779 2945 Ecl.
1817 2884 1989 2956 ,v11‚
2054 2887 2155 2946 60.
2249 2885 2469 2949 Horat.

1466 2989 1670 3070 Epod.
1752 2985 1931 3059 XIII,
2040 3009 2090 3047 1.
2248 2987 2470 3067 Nuper

1467 3091 1587 3153 hoc
1641 3091 1804 3152 idem
1854 3087 2098 3169 copiose
2151 3087 2469 3151 illustrauit

1464 3193 1850 3256 Wernsdorf.
1922 3196 1986 3250 in
2057 3192 2230 3251 Poet.
2311 3197 2464 3253 min.

1465 3298 1542 3357 T.
1573 3297 1682 3370 111,
1733 3317 1796 3376 p.
1830 3293 1955 3356 536
1988 3293 2071 3375 sq·
2159 3296 2283 3376 327
2329 3316 2470 3355 ma-

1460 3421 1669 3479 gnum
1722 3417 1956 3478 corpus
2004 3397 2236 3457 Terrae
2286 3399 2471 3460 intel-

1467 3502 1818 3586 ligendum,
1876 3517 1942 3560 vt
1977 3502 2133 3560 Aen.
2179 3496 2299 3572 VI,
2342 3523 2467 3582 727

1467 3607 1546 3667 de
1592 3603 1713 3665 hoc
1772 3606 2077 3666 vniuerl'o.
2191 3603 2471 3692 Expreffi

1467 3731 1543 3769 ex
1601 3707 1658 3770 h.
1704 3706 1745 3766 l.
1798 3713 2019 3795 veteris
2064 3720 2293 3788 poetae
2336 3729 2469 3768 ver.

1464 3813 1558 3874 sus
1618 3816 1687 3870 in
1760 3810 2094 3891 peruigilio
2169 3811 2467 3872 Veneris:

1465 3918 1546 3976 In
1605 3912 1831 3989 finum
1900 3914 2185 3970 maritus
2253 3910 2466 3971 imber

1447 4018 1660 4096 fluxit
1692 4017 1913 4074 almae
1942 4015 2244 4094 coniugis
2253 4056 2277 4084 ,
2325 4016 2401 4078 V
2391 4037 2468 4074 a·

1466 4118 1554 4179 de
1618 4120 1813 4199 fetus
1898 4121 2146 4178 mixtus
2241 4138 2468 4177 omnes

1465 4223 1679 4282 aleret
1795 4231 2042 4300 magno
2164 4240 2462 4302 corpore.

1544 4326 1600 4384 H
1628 4325 1667 4385 h
1689 4321 1739 4383 h‘
