3075 5114
622 363 773 417 m
966 296 975 305 ’
1268 335 2053 421 PRAEFATm

623 571 803 623 eum
840 541 1069 644 legas·
1151 540 1592 643 Infringitur
1620 548 1822 620 enim
1862 547 2091 618 animi
2117 540 2351 619 modo
2387 542 2482 618 ad
2523 568 2712 645 poe·

624 700 802 772 tam,
854 679 1092 754 modo
1124 677 1221 753 ad
1255 701 1935 757 commentatorem
1978 679 2320 757 conuersi
2366 687 2714 774 intentiO,

626 836 705 893 et
734 813 1155 891 retardatur
1179 818 1543 916 impetus;
1595 834 1861 917 pectus
1902 842 2103 909 vero,
2160 817 2373 918 quod
2416 843 2722 916 magna·

627 978 822 1041 rum,
870 948 1313 1041 sublimium,
1373 969 1450 1026 et
1492 950 2113 1055 pulcerrimarum
2158 979 2408 1025 rerum
2448 978 2538 1026 ac
2567 951 2724 1025 sen·

633 1091 1045 1161 tentiarum‘
1068 1084 1321 1187 spiritu
1364 1086 1802 1179 incaluerat,
1864 1086 2173 1168 subinde
2203 1085 2721 1185 refrigeratum

633 1240 1003 1299 auocatur
1042 1247 1256 1299 mens
1296 1222 1391 1319 ab
1438 1227 1689 1324 operis
1730 1222 2010 1299 summa
2052 1243 2130 1301 et
2189 1224 2284 1298 ab
2333 1218 2725 1300 Vniuersae

632 1362 926 1449 virtutis
959 1383 1050 1432 ac
1089 1355 1581 1460 praestantiae
1618 1362 2086 1457 cognitione,
2145 1384 2342 1461 quae
2382 1383 2541 1431 non
2568 1375 2728 1429 tam

637 1497 720 1566 in
764 1491 1061 1594 [ing-ulis
1115 1492 1342 1568 rebus
1393 1519 1622 1594 quam
1675 1500 1756 1567 in
1808 1499 2136 1596 partium
2182 1499 2379 1568 inter
2425 1490 2495 1566 se
2543 1517 2731 1566 con-

635 1632 1015 1705 venientia
1047 1649 1124 1705 et
1156 1631 1256 1705 ad
1300 1655 1710 1708 commune
1739 1626 2132 1709 confilium
2173 1627 2730 1728 conspiratione

620 1769 1009 1859 *cernitur3
1090 1791 1186 1841 ex
1214 1763 1513 1867 lingulis
1546 1780 1838 1839 tanturn
1870 1781 1947 1838 et
1970 1768 2275 1838 minutis
2305 1761 2539 1838 modo
2571 1759 2730 1836 sen-

641 1905 892 1975 tentiis
920 1901 1158 1977 modo
1199 1901 1443 1976 verbis
1473 1898 1859 1974 aestimare
1888 1918 2231 2004 poetam,
2289 1918 2364 1975 et
2398 1898 2610 2001 saepe
2647 1898 2732 1973 id

643 2035 841 2113 adeo
890 2035 990 2113 ad
1028 2035 1343 2113 alterius*
1375 2053 1667 2111 tantum
1714 2052 1983 2108 nutum
2031 2052 2109 2111 et
2155 2032 2412 2111 nasum
2450 2032 2728 2126 facere,

648 2168 1032 2260 discimus;
1093 2195 1248 2271 quc
1290 2166 1447 2269 ipso
1484 2167 1888 2269 vcluptatis
1938 2192 2035 2245 ex
2075 2172 2424 2242 carminis
2476 2167 2731 2275 dulce·

648 2304 831 2378 dine
856 2303 1269 2405 capiendae
1298 2327 1569 2402 magna
1595 2328 1763 2402 pars
1793 2306 2281 2403 intercipitur,
2329 2329 2542 2404 quae,
2578 2306 2732 2378 iam

580 2418 585 2423 .
649 2437 1055 2542 peripsam
1095 2436 1746 2514 exretardatione
1789 2435 2239 2532 molestiam,
2282 2465 2445 2512 non
2472 2437 2732 2511 admo-

653 2578 839 2650 dum
865 2580 1397 2650 imminuincn
1436 2593 1754 2675 poterat.
1834 2578 2036 2650 Huic
2065 2592 2319 2652 tamen
2346 2575 2546 2651 malo
2575 2599 2735 2650 me-

586 2803 591 2807 *
653 2711 827 2788 dela
872 2731 1128 2813 parata
1172 2707 1275 2786 est
1320 2736 1416 2785 ex
1461 2715 1778 2812 repetita
1844 2709 2197 2788 lectione.
2324 2715 2733 2786 Enimuero

652 2875 801 2925 nec
860 2853 1196 2922 minores
1267 2842 1742 2922 difficultates
1809 2844 2048 2947 ipsum
2097 2865 2452 2947 premunt
2507 2851 2736 2920 inter-

652 2991 1007 3085 pretem.·
1076 2988 1429 3083 Namque
1471 2986 1630 3057 eius
1666 2999 1742 3056 et
1770 2985 2158 3079 ingenium
2207 3006 2460 3053 rerum
2493 2984 2736 3052 minu-

644 3137 903 3192 ·tarum
940 3113 1233 3193 infinita
1270 3119 1491 3215 copia
1521 3112 2040 3188 a0.subtflitate
2084 3110 2433 3199 obtundi,
2477 3111 2738 3185 obscu-

654 3277 895 3351 raque
939 3276 1170 3350 opera
1201 3246 1634 3336 obscurari„
1657 3265 1766 3337 et,
1816 3245 1998 3319 dum
2041 3251 2122 3319 in
2167 3245 2489 3318 aliorum
2535 3242 2738 3318 sensu

657 3384 1008 3459 acuendo
1041 3381 1384 3473 desudat,
1428 3385 1818 3482 proprium
1843 3377 2128 3458 sensum
2162 3378 2381 3454 obrui
2410 3399 2486 3454 et
2510 3378 2741 3454 hebe-

657 3524 801 3595 tari
840 3515 1134 3595 necess‘e
1169 3513 1293 3593 est.
1406 3520 1553 3607 Ita,
1613 3515 1794 3588 dum
1846 3514 2179 3616 Vndique
2216 3533 2293 3590 et
2329 3514 2427 3587 ad
2461 3512 2743 3614 singula

652 3653 914 3745 verba,
994 3651 1265 3758 quibus
1312 3651 1562 3752 aliqua
1591 3646 2017 3743 difficultas,
2084 3650 2183 3724 ad
2212 3650 2536 3726 aliorum
2578 3654 2744 3750 qui-

562 3823 567 3827 ·
661 3788 838 3864 dem
877 3788 1476 3888 intelligentiam,
1522 3783 2050 3866 adhaerescere
2090 3787 2286 3864 forte
2312 3784 2552 3890 poffit‚
2606 3791 2747 3866 cir-

555 3939 558 3943 “
662 3921 987 4002 cumfert
1031 3942 1106 4002 et
1144 3922 1466 4000 intendit
1506 3924 1873 4016 animum,
1925 3922 2157 4001 multa
2198 3923 2576 4003 interdum
2619 3947 2748 3998 cc-

663 4082 966 4132 currere
1007 4055 1243 4134 solent
1288 4062 1548 4134 minus·
1581 4080 1759 4134 cum
1802 4081 1888 4132 re
1929 4063 2367 4151 coniuncta3
2408 4076 2519 4136 .et
2549 4060 2748 4132 exci-

670 4191 853 4268 dere
897 4217 1446 4296 nonnunquam
1488 4190 1606 4284 id,
1700 4190 1912 4296 quod
1962 4192 2060 4270 ad
2102 4191 2315 4270 illum
2354 4193 2610 4272 locum
2648 4193 2747 4270 ab
