3075 5114
562 407 569 417 .
619 340 767 416 288

926 403 933 408 .
1025 336 1110 408 P.
1150 305 1661 412 VIRG1L11
1713 337 2243 414 MAnoms

620 535 716 605 Et
770 522 957 628 quid
999 546 1348 625 quaeque
1386 518 1581 596 ferat
1624 529 1872 625 regio,
1978 544 2055 600 et
2111 526 2295 627 quid
2351 553 2697 633 quaeque

626 802 773 875 Hic
810 793 1082 894 segetes
1103 844 1122 881 ,
1209 787 1364 863 illic
1403 794 1718 864 veniunt
1755 787 2043 867 felicius
2094 819 2283 894 vuae
2298 826 2320 887 3

628 934 945 1010 Arborei
992 926 1183 1000 fems
1229 923 1446 1016 alibi,
1509 944 1741 1026 atque
1785 924 2047 1000 iniuffa
2088 928 2450 1005 virescunt

631 1069 1009 1143 Gramina.

631 1379 777 1436 Gud.
818 1391 871 1431 et
910 1394 993 1447 ap.
1036 1372 1247 1427 Colum.
1279 1373 1316 1427 l.
1349 1372 1386 1427 1.

625 1467 765 1520 Pier.

1874 657 2184 733 recuset.

2598 929 2693 1006 55

1164 1048 1443 1135 Nonne
1514 1059 1760 1156 vides,
1850 1087 2164 1137 croceos
2234 1084 2314 1138 vt
2381 1043 2698 1142 Tmolus

1817 1214 1824 1220 '
1873 1196 2171 1290 odoreS,

1552 1375 1799 1453 534⁰&
1830 1376 2002 1448 serre
2061 1379 2274 1449 recufic
2325 1377 2569 1433 nonnulli
2610 1396 2696 1450 ap.

922 1462 993 1527 54
1034 1460 1172 1513 illuc
1210 1459 1467 1514 Rouend.
1533 1461 1645 1513 Hic
1665 1462 1926 1533 segetes,
1992 1473 2231 1517 veniunt
2271 1481 2421 1518 vaae
2459 1463 2701 1536 felicius

630 1553 756 1605 illic
785 1549 840 1602 in
860 1538 1136 1600 ⁴nonnullis
1165 1545 1289 1599 vidit
1318 1546 1536 1599 Pierius.
1630 1550 1676 1600 A
1703 1565 1748 1599 v.
1783 1551 1855 1619 ‚53
1897 1549 1964 1601 ad
1991 1551 2056 1604 58
2103 1550 2283 1604 laudat
2323 1550 2444 1603 Sen.
2487 1570 2570 1624 ep.
2610 1553 2696 1621 87.

627 1639 699 1692 55
736 1637 838 1688 Pro
892 1630 1100 1702 iniuffa
1149 1629 1286 1683 male
1336 1630 1477 1704 apud
1528 1631 1664 1684 Pier.
1717 1649 1768 1686 et
1814 1634 1992 1688 Heius.
2063 1634 2150 1689 alii
2195 1634 2408 1708 inuisa,
2470 1634 2696 1706 iniusta.

627 1723 699 1779 56
734 1717 930 1774 Molas
954 1717 1123 1771 multi.
1165 1735 1212 1769 v.
1242 1716 1420 1771 Heius.
1505 1736 1734 1771 cruceos
1775 1726 1862 1772 vti
1888 1724 2069 1774 molus
2094 1723 2255 1775 Rom.
2337 1721 2564 1777 Tmolos
2591 1721 2697 1775 alii.

628 1904 849 1947 eorum
934 1880 1129 1941 cultus
1214 1874 1301 1940 est
1366 1882 1621 1959 patrius.

625 1991 736 2053 53.
794 1985 951 2046 Plin.
1004 1979 1252 2052 xvm,
1310 1987 1393 2058 47
1470 1996 1620 2042 extr.

626 2094 710 2153 In
740 2087 921 2148 omni
953 2081 1216 2165 quidem
1252 2095 1452 2161 parce
1485 2082 1622 2139 cul·

629 2207 827 2253 turae
878 2216 968 2234 —-·
1035 2183 1220 2243 valet
1279 2183 1621 2242 oraculum

623 2289 839 2353 illud.-
898 2282 1064 2368 qm’d
1096 2304 1397 2367 quaeque
1435 2289 1618 2364 regio

617 2394 946 2478 paciatur.
1030 2385 1163 2447 Iam
1193 2389 1261 2446 in
1291 2391 1398 2461 iis,
1455 2409 1617 2472 quae

625 2495 998 2579 sequuntur,
1089 2487 1346 2572 agnosce
1414 2496 1620 2573 poeti.

624 2620 765 2661 cam
820 2596 1163 2666 rationem,
1250 2592 1619 2674 propositio-

620 2722 775 2763 :nem
825 2696 1179 2781 generalem
1224 2716 1342 2777 per
1381 2694 1619 2781 singula

624 2803 907 2883 exempla
973 2791 1359 2860 declarandi
1390 2815 1456 2859 et
1517 2821 1619 2861 or-

620 2906 838 2969 nandi.
908 2904 1045 2980 -54
1105 2900 1229 2984 sqq.
1301 2902 1618 2967 Conuenit

619 3009 795 3070 locus
849 3025 992 3066 cum
1043 2986 1247 3064 Aetna
1307 3006 1430 3068 258
1483 3003 1613 3088 sqq.

619 3113 728 3175 55.
809 3109 931 3169 Per
1011 3107 1327 3184 gramina
1414 3106 1619 3169 decla-

619 3216 743 3275 rari
794 3206 960 3292 ‘puta
1019 3206 1257 3289 pascua.
1355 3205 1620 3291 iniustis,¹

619 3314 876 3396 sponte,
955 3311 1201 3381 Colum.
1242 3314 1327 3387 X,
1376 3316 1451 3377 16
1507 3334 1620 3374 na-

618 3432 759 3476 tura
820 3414 966 3488 so'li',
1059 3434 1235 3497 quae
1277 3449 1364 3464 --
1414 3412 1619 3476 iniuffi

621 3514 1064 3595 consternitur
1149 3516 1351 3577 vbere
1433 3513 1616 3577 mali.

615 3623 726 3684 56.
763 3604 1002 3679 Non'ne
1039 3617 1269 3680 vides:
1329 3615 1414 3681 est
1450 3623 1616 3680 inter

617 3723 914 3785 formulas
1025 3725 1615 3785 enumerationum:

616 3847 776 3908 pro,
832 3840 1187 3906 praeterea,
1253 3844 1478 3907 porro:
1549 3837 1616 3884 et

506 3990 518 4001 ‚
615 3925 807 4017 habet
866 3921 1198 4012 ἐνάργειαν.
1267 3924 1387 4008 οὔχ
1432 3918 1612 4010 &piac

613 4030 785 4091 Aret.
813 4028 983 4091 Dios.
1014 4051 1110 4111 pr.
1198 4031 1415 4089 crocei
1456 4027 1616 4088 odo·

614 4151 721 4191 res
753 4153 871 4213 pro
902 4153 1105 4196 croco.
1202 4132 1462 4219 Tmolus
1488 4124 1612 4215 Lyss

508 4222 515 4229 ’
615 4236 981 4299 diae·mons
1000 4259 1024 4311 ,·
1055 4254 1071 4267 ·
1098 4239 1249 4300 vino
1308 4222 1610 4320 generoso

1704 1877 1966 1952 nobilis,
2009 1901 2068 1940 v.
2101 1880 2198 1954 11,
2249 1883 2361 1961 98*
2401 1902 2546 1942 eum
2583 1906 2701 1946 nu-

1707 2001 1876 2053 cem,
1929 1995 1994 2041 et
2036 1979 2406 2056 castaneam,
2481 1990 2695 2062 vitem,

1701 2083 1935 2142 malum
1967 2099 2031 2144 et
2065 2085 2228 2144 mala
2260 2086 2495 2147 Punica
2536 2087 2701 2151 ferre

1705 2181 1908 2244 afferit
1937 2183 2254 2268 Theophr.
2286 2190 2365 2249 H.
2400 2190 2464 2250 Ρ.
2492 2189 2602 2265 IV,
2635 2194 2696 2255 6.

1705 2301 1768 2346 at
1797 2287 2063 2347 eundem
2094 2310 2131 2347 a
2163 2310 2347 2351 croco
2383 2313 2698 2354 commen-

1705 2389 1915 2450 datum
1944 2411 2115 2450 nunc
2145 2392 2441 2455 videmus.
2492 2397 2698 2458 Succi-

1699 2496 1795 2554 nit
1832 2493 2094 2577 Virgilio
2125 2495 2472 2559 Columella
2502 2493 2611 2575 111,
2631 2502 2695 2572 8,

1699 2603 1763 2675 4.
1796 2601 1902 2679 qui
1932 2613 2141 2659 tamen
2169 2600 2497 2673 Maronem
2524 2601 2698 2685 sequi

1698 2704 1939 2780 potuit3
2018 2702 2217 2763 Solini
2273 2718 2338 2763 et
2394 2706 2697 2765 Marciani

1702 2807 2053 2878 auctoritas,
2119 2826 2157 2866 a
2213 2805 2416 2867 Cerda
2457 2828 2696 2868 memo-

1698 2920 1851 2979 rata,
1910 2901 1996 2967 est
2036 2908 2220 2969 nulla.
2350 2909 2584 2970 Contra
2625 2914 2696 2970 in

1702 3006 1918 3069 Cilicia
1962 3012 2173 3071 croeus
2210 3008 2507 3093 frequens
2547 3002 2692 3093 jaro-

1699 3108 2022 3185 veniebat,
2093 3116 2373 3194 inprimis
2432 3112 2513 3174 ad
2569 3114 2694 3174 Co-

1699 3217 1940 3296 rycium
1964 3216 2482 3294 promontorium.
2553 3208 2695 3275 Ser·

1698 3308 1833 3375 vius
1872 3315 2165 3377 Tmolum
2207 3314 2460 3377 Ciliciae
2511 3336 2693 3377 mon-

1700 3430 1828 3476 tem
1862 3413 1982 3478 ess'e
2020 3417 2289 3491 dixerat,
2344 3417 2508 3477 vnde
2539 3418 2693 3476 Bur·

1697 3538 1963 3580 mannus
1992 3519 2284 3579 Tmolum
2329 3539 2447 3600 pro
2475 3518 2691 3581 Cilicia

1699 3621 1929 3682 dictum
1985 3619 2299 3695 censebat,
2387 3624 2531 3703 quia
2558 3616 2691 3684 've-

1699 3736 1861 3784 teres
1901 3727 1967 3782 in
2007 3721 2258 3783 Ciliciae
2298 3718 2572 3785 nomine'
2594 3745 2692 3786 er-

1695 3839 1941 3898 rarunt,
1986 3846 2126 3887 cum
2159 3829 2445 3886 viderent
2472 3821 2691 3888 Cilicas

1699 3930 1866 4009 apud
1894 3930 2234 3991 Homerum
2263 3914 2593 3990 memorari
2622 3934 2691 3991 in

1693 4028 1925 4115 Myfia;
2006 4027 2270 4113 potuisse
2343 4031 2503 4094 adeo
2557 4020 2687 4094 ‘eos

1695 4138 1883 4197 etiam
1927 4135 2176 4197 credere
2190 4177 2212 4209 ,
2281 4135 2542 4219 Lydiam
2561 4135 2689 4195 'Ci-

1692 4236 1879 4299 licum
1920 4236 2092 4309 fuisse
2136 4254 2198 4301 et
2230 4239 2449 4301 Cilices
2494 4231 2686 4323 vs‘que
