3075 5114
586 403 648 466 x
1117 396 1133 410 ”
1231 379 2015 473 PRAEFATIO

512 710 517 716 ι
588 579 1133 707 emplarium
1162 602 1708 710 apparatum
1740 582 1848 671 iis
1877 573 2440 672 vendiderat:
2475 607 2661 702 quo

588 745 861 869 illi'in
897 744 1256 840 lucrum
1299 741 1555 839 suum
1587 743 1862 859 verso,
1917 774 2169 837 noua
2211 741 2668 870 exempla-

588 919 726 1014 ria
757 916 997 1042 typis
1029 912 1627 1028 excuderunt3
1685 937 1884 1007 tum
1914 908 2387 1005 Fritschius
2420 908 2672 1035 apud

588 1080 674 1179 se
714 1083 1161 1197 decreuit,
1225 1081 1427 1208 post
1476 1064 1934 1175 certorum
1994 1111 2449 1173 annorum
2509 1075 2671 1167 de-
2790 1053 2799 1063 ’

586 1247 946 1351 cursum
976 1248 1509 1363 editionem,
1562 1279 1947 1373 eamque
1988 1245 2277 1339 multo
2310 1243 2668 1374 elegan-

588 1422 923 1516 tiorem
964 1450 1073 1511 ac
1115 1413 1810 1543 splendidiorem
1828 1483 1851 1525 ‚
1914 1445 2281 1540 parare,
2347 1433 2446 1504 vt
2488 1409 2669 1504 hoc

587 1585 1011 1713 exemplo
1058 1582 1542 1699 constaret,
1624 1615 1799 1676 nec
1855 1603 2046 1674 arte
2095 1601 2188 1671 et
2240 1576 2673 1701 industria

544 1757 1106 1897 ·Germanos
1182 1750 1494 1883 Anglis
1569 1749 1932 1861 cedere,
2008 1778 2183 1839 nec
2239 1738 2668 1872 genero&

583 1904 832 2019 sensu
885 1908 1366 2046 laudisque
1419 1917 1753 2033 studim
1852 1916 2035 2008 fine
2094 1909 2519 2037 improba
2577 1888 2668 2000 et

589 2087 948 2186 sordida
1013 2086 1246 2180 lucri
1313 2085 1771 2178 auiditate.
1955 2074 2670 2201 obsequendum

589 2258 811 2351 duxi
845 2254 1199 2380 optimo
1231 2255 1466 2346 viro:
1552 2280 1946 2374 cumque
1975 2242 2452 2338 nouiffma
2483 2243 2671 2330 iam

589 2428 829 2518 vitae
862 2418 1141 2548 spatia
1174 2412 1596 2550 ingress'us
1637 2413 2050 2510 Vltimam
2090 2441 2469 2502 manum
2499 2407 2668 2496 im·-

583 2587 997 2723 ponendi
1063 2588 1282 2681 huic
1346 2617 1470 2714 op
1478 2615 1687 2677 erae
1749 2581 2531 2711 opportunitatem
2582 2569 2672 2668 fe

586 2760 817 2857 mihi
860 2752 1188 2853 offerre
1230 2752 1673 2849 viderem:
1737 2749 1996 2843 nolui
2040 2745 2466 2841 fortunae
2510 2739 2668 2835 de-

588 2925 796 3044 effe,
875 2919 1911 3049 iterumqueretractaui
1955 2946 2104 3029 ea,
2167 2943 2404 3036 quae
2435 2942 2491 3000 a
2514 2940 2668 3002 me

585 3102 688 3190 in
730 3092 1212 3222 Virgilium
1273 3083 1597 3212 scripta
1665 3077 1972 3194 effent‚
2031 3075 2666 3203 'inprimisque

584 3261 877 3393 priori
912 3253 1395 3354 volumini,
1470 3249 1725 3376 quod
1763 3242 2194 3341 Bucolica
2236 3264 2329 3334 et
2370 3241 2664 3335 Geor-

587 3431 793 3563 gica
828 3419 1502 3550 complectitur,
1550 3436 1997 3541 quantum
2040 3443 2208 3539 per
2248 3405 2467 3499 alias
2504 3437 2664 3498 cu·-

584 3628 739 3691 ras
808 3592 1158 3704 liceret,
1244 3583 1643 3682 studium
1701 3577 2077 3706 ahquod
2133 3605 2445 3668 meum
2501 3569 2663 3665 ad-

586 3762 812 3875 dixi3
888 3758 1301 3884 inprimis
1317 3821 1342 3868 ,
1401 3747 1655 3878 quod
1711 3743 2379 3875 expectandum
2438 3758 2660 3841 erat,

586 3926 810 4040 fore,
849 3947 950 4021 vt
971 3901 1427 4021 redemtor
1454 3918 1758 4048 operis
1777 3912 2177 4052 ‘eandem
2200 3910 2441 4003 hanc
2471 3905 2661 4000 edi·

585 4095 936 4188 tionem
976 4092 1270 4220 pretio
1313 4084 1813 4179 multorum
1849 4077 2425 4212 facultatibus
2464 4104 2659 4166 ma·-

589 4265 723 4391 gis
753 4254 1446 4355 accommodato
1472 4249 1890 4352 venalem
1933 4244 2256 4345 excudi
2293 4262 2568 4340 curet.
