3075 5114
666 343 819 422 204
871 382 878 389 .
1118 334 1203 408 P.
1247 335 1745 413 VIRGILII
1804 333 2325 417 MARONIS

663 530 857 601 Nam
931 545 1184 622 neque
1257 519 1506 597 adhuc
1573 517 1802 600 Vario
1869 508 2166 617 videor,
2257 550 2405 602 nec
2491 526 2747 605 dicere

1404 652 1408 656 ’
1908 651 2152 721 Cinna
2641 655 2739 726 35

661 784 974 883 Digna‚‘
1018 775 1143 854 sed
1195 794 1497 878 argutoe
1541 776 2101 881 interstrepere
2150 782 2361 859 anser
2417 786 2691 862 olores.

798 945 868 1000 35
918 946 1091 997 Vario
1133 939 1406 995 manifeste
1453 940 1579 1013 legit
1610 941 1761 996 Seru.
1794 957 1847 996 et
1872 941 2054 997 Schol.
2088 947 2275 1002 Horat.
2305 948 2504 1022 Cruqu.
2536 948 2603 1002 ad
2631 947 2739 1005 Od.

660 1036 705 1095 Ι,
737 1033 789 1093 6,
828 1032 928 1105 qui
949 1027 1208 1099 Thyestae
1238 1025 1537 1100 tragoediae
1570 1044 1869 1090 auctorem,
1912 1032 2244 1105 eundemque
2272 1034 2507 1088 nobilem
2533 1041 2743 1106 epicum

659 1133 904 1192 poetam.
943 1115 1212 1186 intelligit;
1253 1114 1338 1165 sed
1376 1114 1430 1166 in
1457 1113 1655 1183 scriptis
1697 1113 1991 1170 constanter
2031 1120 2204 1171 Varo.
2288 1122 2351 1172 ln
2393 1121 2514 1174 edd.
2560 1126 2737 1177 Vario

661 1201 949 1273 repositum
988 1198 1061 1255 est
1101 1199 1167 1253 ab
1200 1200 1422 1270 Egnatio
1450 1216 1503 1252 et
1525 1200 1826 1270 Naugerio:
1888 1201 2034 1273 quod
2059 1204 2247 1257 iterum
2277 1204 2498 1260 deseruit
2525 1208 2738 1262 Paullus

658 1290 935 1343 Manutius
976 1306 1097 1339 cum
1139 1287 1258 1339 edd.
1303 1284 1444 1356 sequ.
1542 1284 1695 1354 Quae
1740 1286 2052 1357 ambiguitas
2095 1290 2149 1341 iu
2186 1291 2267 1344 his
2310 1293 2613 1348 nominibus
2652 1294 2734 1357 fit,

656 1392 789 1428 nota
818 1394 900 1427 res
926 1371 1032 1426 est:
1098 1391 1143 1425 v.
1184 1373 1310 1425 Exc.
1351 1372 1418 1422 ad
1459 1369 1572 1424 Ecl.
1602 1372 1694 1424 VI.
1793 1373 1995 1426 Varum
2032 1374 2170 1426 inter
2204 1376 2340 1430 viros
2386 1381 2644 1449 principe·
2684 1396 2739 1435 et

661 1460 852 1513 militia
903 1459 1070 1512 claros
1121 1456 1265 1512 istius
1324 1456 1509 1510 aetatis
1559 1455 1734 1517 fuiffe,
1812 1443 1930 1511 [ἑὼ
1976 1458 2247 1523 constan·
2278 1482 2345 1515 an
2397 1464 2538 1517 idem
2582 1481 2738 1536 poeta

659 1545 844 1607 fuerit,
908 1563 1019 1597 non
1059 1543 1155 1597 nifi
1193 1563 1254 1598 ex
1290 1543 1397 1596 hoc
1439 1543 1561 1595 loco
1600 1540 1812 1596 statuae.
1883 1545 1970 1597 De
2013 1562 2171 1618 poeta
2212 1549 2351 1601 enim
2396 1551 2739 1621 cogitandum.

659 1631 789 1693 effe,
857 1630 1013 1683 docet
1049 1631 1360 1684 memoratio
1406 1629 1629 1681 Cinnae.
1699 1629 1911 1701 Itaque,
1977 1650 2097 1684 cum
2142 1651 2398 1706 perpetua
2440 1637 2504 1690 fit
2541 1638 2736 1690 horum

657 1720 937 1773 nominum
992 1715 1260 1779 confusio,
1337 1733 1564 1786 cumque
1622 1730 1813 1765 veteres
1865 1715 2207 1770 Grammatici
2261 1722 2494 1773 Varium
2549 1722 2636 1775 hic
2676 1723 2734 1775 in

651 1805 799 1859 libris
842 1804 1087 1873 legerint,
1140 1789 1259 1874 post
1293 1804 1503 1856 Varum
1542 1818 1587 1851 v.
1623 1803 1717 1860 26,
1769 1800 1917 1851 inum
1964 1801 2189 1854 alterum
2234 1807 2494 1868 Varium,
2561 1808 2614 1860 in
2657 1808 2736 1861 lo·

657 1911 780 1945 cum
822 1889 970 1942 suum
1012 1887 1377 1952 retrahendum
1407 1884 1508 1938 effe
1544 1884 1875 1937 manifestum
1915 1885 1988 1940 fit.
2066 1891 2269 1958 Cigtea,
2317 1893 2528 1960 Cygna,
2575 1895 2737 1964 Cyna

656 1978 714 2033 in
753 1976 894 2028 libris
934 1973 1220 2026 nonnullis.
1293 1991 1474 2043 neque
1513 1971 1707 2023 dicere
1744 1971 1936 2023 Moret.

2076 1973 2143 2025 36
2176 1981 2325 2024 inter
2348 1973 2568 2046 strepet
2592 1979 2730 2031 Ven.

655 2061 873 2114 Wakef.
908 2060 976 2111 ad
1006 2061 1209 2110 Lucret.
1240 2058 1305 2117 11,
1335 2066 1438 2123 4ιο
1485 2073 1701 2127 poetam
1742 2052 1985 2125 scripsisse
2022 2072 2256 2127 argutus
2296 2060 2495 2125 censet,
2526 2077 2586 2132 gt
2627 2062 2726 2117 Ge.

657 2147 702 2208 Ι,
739 2147 835 2213 143
885 2157 1092 2215 arguta
1113 2143 1285 2213 serra
1315 2157 1368 2195 et
1411 2157 1643 2213 argutus
1682 2141 1847 2212 anser
1883 2139 1967 2212 ap.
2005 2142 2234 2195 Martini.

647 2285 874 2369 gilium
905 2304 940 2342 a
970 2282 1161 2342 Gallis
1190 2279 1654 2368 suisCisalpinis

657 2384 932 2469 petiisse:
977 2387 1092 2445 suit
1122 2389 1288 2445 enim
1318 2387 1482 2445 inter
1511 2383 1652 2442 Cel-

658 2505 748 2550 tas
772 2490 1000 2548 Vatum
1032 2487 1131 2548 seu
1151 2485 1479 2560 Eubatum,
1527 2486 1652 2545 Eu·-

657 2591 918 2675 hagum,
963 2591 1141 2662 ordo,
1198 2590 1427 2650 Bardos
1461 2592 1650 2649 etiam

657 2696 956 2778 dignitate
1015 2695 1408 2756 antecellens.
1482 2693 1647 2754 conf.

653 2799 854 2865 strab,
898 2798 1015 2871 IV,
1074 2819 1217 2880 pag.
1259 2800 1403 2860 302.
1502 2797 1651 2855 Am·

650 2907 838 2961 mian.
861 2901 985 2960 XV
1007 2903 1052 2962 f.
1136 2903 1472 2961 Enimuero
1502 2918 1653 2960 con—

658 3008 807 3066 cidit
861 3009 1062 3066 omnis
1097 3002 1269 3065 'haec
1332 3002 1648 3076 subtilitas,

633 3108 700 3171 'fi
740 3113 1126 3180 memineris,
1193 3107 1520 3189 Virgilium
1560 3106 1650 3166 la-

650 3218 784 3274 tine
815 3208 1139 3275 reddidifl'e
1157 3208 1549 3282 Theocritea,
1582 3214 1650 3271 in

652 3315 876 3399 quibus
909 3310 1093 3384 οἷοιδδς
1123 3310 1240 3387 est,
1297 3332 1417 3374 nec
1447 3313 1648 3374 diner-

654 3416 783 3478 sum
811 3414 931 3477 ess'e
966 3433 1168 3476 vatem
1203 3437 1240 3476 a
1270 3430 1477 3497 poeta.

738 3521 840 3582 35.
905 3519 1153 3579 Varius
1203 3516 1432 3578 ‘nobilis
1487 3518 1648 3598 Thy-

655 3619 857 3699 estae.
886 3638 1103 3684 auctor
1155 3642 1213 3683 v.
1278 3620 1358 3683 ad
1407 3621 1648 3681 Donati

655 3726 783 3785 Vit.
846 3722 1017 3808 Virg.
1082 3729 1133 3803 §.
1199 3726 1303 3788 53.
1434 3725 1649 3783 Cinna

652 3829 977 3912 Smyrnam
1004 3827 1331 3910 scripserat,
1374 3846 1645 3899 carmen,

650 3933 824 4016 quod
864 3933 1079 3992 decem
1124 3936 1298 3992 annis
1354 3930 1648 3990 elimaue·

648 4050 765 4109 rat,
823 4056 879 4093 v.
929 4036 1152 4094 Catull.
1199 4037 1331 4115 89.4
1362 4033 1436 4092 cs.
1480 4033 1647 4091 Mar-

651 4140 776 4203 tial.
809 4140 870 4197 X
885 4178 907 4212 ,
951 4158 1051 4198 21.
1136 4138 1385 4199 Ruaeus
1424 4153 1645 4215 parum

637 4230 862 4305 ’validis
905 4238 1246 4302 rationibus
1293 4241 1374 4302 ad
1407 4238 1646 4299 Corne-

1735 2280 1887 2340 lium
1917 2281 2182 2342 Cinnam
2223 2303 2517 2368 magnum
2547 2287 2734 2346 Pom-

1734 2390 1864 2465 peii
1910 2406 1984 2446 ex
2022 2385 2143 2444 mia
2183 2403 2480 2468 nepotem
2518 2388 2729 2449 refert.

1735 2487 1957 2548 Poetas
1990 2477 2107 2550 'ess'e
2138 2487 2238 2550 hic
2269 2489 2726 2574 intelligendos,

1732 2590 1935 2652 versus
1970 2591 2228 2674 sequens
2262 2598 2496 2677 arguit:
2550 2597 2729 2653 incer·

1738 2692 1966 2758 olores.
2093 2699 2198 2760 36.
2257 2698 2578 2774 Anserem
2620 2698 2728 2757 ali·

1735 2817 1922 2878 quem
1955 2800 2085 2858 eius
2117 2807 2410 2880 temporis
2452 2814 2724 2881 poetam,

1735 2897 1815 2957 de
1858 2918 1983 2980 quo
2015 2899 2203 2960 Ouid.
2233 2900 2410 2962 Trtst.
2451 2904 2531 2976 Il,
2574 2904 2725 2982 455.

1734 3001 2015 3082 Propert.
2035 3002 2115 3074 11,
2133 3003 2237 3080 34,
2265 3006 2363 3081 84.
2395 3004 2472 3077 11,
2496 3008 2597 3077 25,
2617 3008 2722 3080 83,

1733 3118 1798 3163 et
1827 3103 1904 3163 ad
1933 3125 2117 3188 quem
2151 3106 2277 3163 Cic.
2309 3104 2463 3165 Phil.
2493 3108 2723 3181 x111,5

1729 3207 2031 3287 rospicere
2059 3222 2345 3286 putatur,
2413 3208 2512 3270 hic
2539 3215 2725 3271 tacite

1728 3308 2020 3382 vellicari,
2056 3307 2240 3368 docet
2264 3310 2528 3371 Seruius.
2598 3311 2725 3372 Sed

1732 3410 2006 3472 anserem
2048 3431 2120 3470 ex
2161 3409 2446 3493 opposito
2477 3411 2725 3473 olorum

1728 3531 1942 3576 natum
2024 3509 2144 3574 effe
2224 3528 2287 3572 et
2381 3509 2722 3595 expreffiss'e

1730 3614 2005 3678 nostrum
2034 3614 2435 3687 Theocritea,
2493 3616 2724 3698 proba·
2790 3640 2795 3653 ‘

1731 3717 1857 3779 bile
1896 3717 1964 3778 fit
2002 3718 2176 3802 Idyll.
2222 3719 2357 3790 Vll,
2403 3728 2486 3799 47
2551 3720 2721 3781 Odio

1732 3820 1883 3881 mihi
1939 3819 2074 3880 sunt
2142 3820 2454 3881 Musarum
2526 3822 2721 3896 aliteS,

1730 3922 1961 3990 Μοισᾶν
1992 3914 2234 4008 ἴρνιχες
2268 3926 2354 4001 (vt
2380 3946 2476 4013 ap.
2499 3925 2731 4003 Horat„

1727 4029 2031 4087 Maeonii
2065 4030 2379 4087 carminis
2415 4029 2569 4088 aliti
2595 4027 2720 4088 Va-

1726 4134 1869 4210 rio),
1916 4136 2023 4214 qui
2064 4152 2203 4191 cum
2245 4133 2523 4192 Homero
2569 4149 2720 4191 con·

1727 4234 2014 4311 tendunt,
2052 4224 2197 4311 ἕσόι,
2246 4237 2384 4299 ποτ)
2418 4235 2566 4301 Χΐὸν
2603 4231 2718 4298 οἷοι·
