3075 5114
716 357 1330 440 nvcoch
1384 361 1625 436 ECL.
1669 358 2157 458 v1,73-30
2340 355 2478 458 157

388 544 730 626 Candida
820 543 1271 623 succinctam
1360 505 1805 623 latrantibus
1877 552 2187 649 inguina
2252 573 2472 623 mon-

1623 664 1784 741 stris
2362 671 2465 772 75

372 787 772 865 Dulichias
819 786 1115 865 vexass'e
1158 810 1393 882 rates,
1485 808 1565 864 et
1602 796 1897 892 gurgite
1936 797 2017 865 in
2054 792 2210 867 alto

370 915 526 990 Ah!
589 914 895 989 timidos
938 934 1200 987 nautas
1252 912 1563 989 canibus
1607 912 1961 990 lacerass'e
2006 915 2363 992 marinis?

275 1046 288 1052 ’
366 1050 553 1130 Aut,
617 1056 694 1109 vt
734 1056 1062 1111 mutatos
1103 1040 1330 1113 Terei
1386 1044 1802 1114 narrauerit
1841 1059 2078 1130 artus3

371 1166 583 1259 Quas
621 1162 731 1235 illi
771 1160 1192 1235 Philomela
1239 1161 1506 1263 dapeS,
1560 1187 1756 1264 quae
1802 1163 2007 1237 dona
2058 1170 2357 1265 pararit,
2390 1189 2409 1199 ··

374 1290 559 1386 Quo
604 1284 819 1374 cursu
859 1284 1144 1361 deserta
1182 1288 1575 1387 petiuerit,
1637 1305 1713 1362 et
1756 1287 2027 1390 quibus
2077 1308 2251 1364 ante
2356 1290 2458 1366 80

510 1462 578 1530 75
600 1486 669 1501 --
695 1475 760 1531 77
798 1459 960 1513 iidem
993 1458 1162 1513 versun
1200 1460 1255 1511 in
1290 1459 1400 1514 Ciri
1442 1463 1527 1532 59.
1558 1460 1644 1514 60.
1673 1461 1760 1515 61.

372 1545 544 1600 Goth.
572 1546 669 1599 sec.
707 1562 738 1598 ι
760 1565 831 1597 m.
861 1545 960 1599 sec.

368 1717 518 1790 prior
544 1733 596 1770 et
621 1716 769 1770 Sem.
784 1756 805 1780 ,
858 1733 912 1771 vt
934 1728 1003 1785 42
1040 1716 1349 1769 Pron-ethi.

370 1817 462 1854 rat
483 1802 735 1855 Rottend.
778 1801 876 1856 sec.

1927 1463 1995 1531 76
2026 1470 2253 1533 gurgite
2287 1460 2456 1535 vqflo

1101 1561 1165 1615 77
1196 1550 1279 1598 At
1305 1548 1522 1619 Menag.
1597 1547 1833 1600 canthus
1862 1563 2067 1601 umas
2097 1564 2229 1601 vnuo
2256 1548 2458 1601 Moreti

370 1647 426 1684 et
463 1629 612 1684 Leid.
690 1630 922 1704 vex-affe
955 1629 1211 1686 Rottend.
1251 1630 1384 1684 alter
1427 1649 1525 1704 pro
1574 1629 1866 1703 laceraffe.

2030 1634 2096 1702 78
2143 1632 2273 1686 Terl
2308 1632 2453 1688 Noss'.

1490 1734 1559 1787 79
1591 1734 1828 1786 pararet
1868 1716 2089 1772 Mentel.
2133 1736 2212 1788 pr.
2280 1739 2453 1792 para·

1014 1805 1083 1856 80
1127 1805 1286 1873 Quae
1335 1821 1434 1856 car
1463 1821 1497 1854 u
1539 1802 1761 1874 deserta
1791 1804 1928 1857 Ven.
1960 1820 2011 1858 et
2040 1803 2270 1855 Parthas.
2290 1844 2304 1865 ‚
2345 1824 2455 1857 non

365 1886 536 1950 male,
575 1886 662 1939 sed
711 1890 835 1959 Quo
878 1888 1041 1961 cursu
1073 1888 1260 1942 melius
1290 1887 1572 1961 respondet
1621 1890 1823 1961 quibus
1866 1892 1992 1944 alte.
2064 1897 2295 1960 petierit
2332 1892 2456 1942 Par-

363 1973 501 2027 thas.
542 1988 597 2028 et
628 1974 765 2045 Reg-

370 2114 514 2174 265.
586 2132 789 2195 quam
829 2109 1040 2194 fama
1071 2108 1371 2192 sequuta

364 2210 494 2288 ᾧ,
578 2212 773 2296 fimpl.
850 2234 1037 2297 quam
1125 2213 1367 2287 ferunt,

361 2314 702 2394 μυθοῧνται
718 2358 742 2390 ,
827 2313 1162 2398 (Expreffit
1230 2337 1366 2376 voc.

363 2410 572 2495 Φᾶτις,
613 2415 813 2503 φήμη,
861 2440 980 2501 pro
1015 2418 1236 2497 pwoc,
1281 2420 1371 2479 fa-

1450 2131 1571 2171 nes
1622 2112 1889 2173 marini.
1957 2131 2014 2169 v.
2070 2107 2314 2170 Excurs.
2372 2110 2453 2172 ad

1451 2211 1511 2273 h.
1544 2235 1601 2274 v.

1537 2319 1640 2380 80.
1677 2316 1920 2377 Pendet
1947 2337 1983 2376 a
2008 2314 2414 2397 superioribus
2433 2339 2453 2379 ε

1451 2433 1527 2479 vt
1569 2421 1953 2479 narraverit
1963 2460 1988 2487 ,
2051 2440 2215 2501 quas
2246 2420 2455 2503 dapes

362 2517 542 2605 bula)
591 2519 923 2583 habentem
957 2525 1214 2607 inguina
1241 2522 1371 2584 suc·
1446 2524 1716 2605 pararit
1744 2555 1830 2569 —
1854 2523 2174 2604 petiuerit
2210 2560 2287 2571 —
2333 2544 2454 2584 vo-

361 2628 566 2686 cincta
622 2625 878 2686 canibus
931 2624 1219 2701 marinis,
1291 2646 1370 2687 ex

358 2728 504 2789 aluo
547 2733 676 2789 eius
726 2727 1217 2809 prodeuntibus,
1274 2732 1371 2788 in-

360 2827 596 2893 festass'e
637 2827 858 2915 Vlyffiz
903 2850 1131 2892 nauem
1173 2846 1237 2891 et
1271 2829 1370 2891 so·

360 2936 493 2995 cios
520 2938 650 2995 eius
682 2930 1019 2996 deuorass‘e.
1106 2931 1368 2994 Versum

363 3039 448 3116 75
516 3052 579 3098 et
632 3037 895 3098 formam
965 3031 1368 3097 monstrosam

339 3138 609 3221 ,Scyllae
637 3136 938 3200 illustrant
958 3145 1153 3213 numi,
1197 3160 1368 3223 gem·

366 3260 507 3301 mae
585 3258 651 3303 et
737 3242 856 3302 ulia
938 3258 1365 3303 monumenta.

362 3343 501 3404 Alia
529 3352 610 3430 *vr
654 3348 724 3404 in
769 3343 1034 3405 Excursu
1082 3345 1161 3404 ad
1220 3342 1280 3404 h.
1324 3346 1366 3406 l.

362 3447 470 3524 76.
522 3444 821 3525 vexaffe,
909 3444 1182 3509 habuisse
1242 3445 1365 3509 hoc

363 3546 736 3609 vocabulum
813 3548 1026 3631 paullo
1116 3554 1365 3612 maioris

365 3654 702 3712 atrocitatis
747 3648 1147 3736 significatum
1199 3655 1367 3737 apud

361 3768 605 3814 veteres
648 3755 1037 3815 contendunt
1047 3799 1070 3832 ,
1141 3771 1207 3817 et
1257 3756 1366 3818 de-

307 3898 320 3905 ·
361 3852 635 3916 fendunt
685 3856 1050 3940 Virgilium,
1129 3857 1368 3918 Gellius

357 3956 441 4018 N.
480 3960 554 4018 A.
594 3957 678 4032 11,
712 3961 774 4022 6.
860 3960 1138 4022 Macrob.
1169 3960 1279 4032 VI,
1308 3980 1368 4042 7.

362 4058 538 4120 Seru.
585 4080 660 4121 ex
692 4059 903 4123 Probo
950 4061 1010 4123 h.
1048 4065 1094 4126 1.
1178 4065 1372 4125 Vide-

365 4176 471 4219 tur
515 4178 756 4243 poetae
813 4174 1023 4227 animo
1091 4163 1370 4228 insediss'e

367 4261 771 4328 Homericum
817 4264 1146 4350 βλάπτειν.
1249 4269 1373 4330 Ca-

449 4366 647 4429 Ton.
685 4370 735 4432 I.

1453 2625 1773 2684 [ieamer-ie.
1834 2625 2001 2684 Nota
2030 2626 2128 2685 vel
2159 2647 2231 2687 ex
2260 2627 2453 2688 Ouid.

1451 2729 1608 2789 Met.
1639 2727 1728 2787 vl
1756 2742 1906 2787 extr.
1937 2725 2162 2786 fabula.
2233 2729 2456 2810 Trepi-

1454 2830 1599 2890 dani
1630 2829 1781 2891 olim
1816 2833 1885 2889 in
1932 2827 2053 2889 hoc
2092 2829 2256 2903 loco,
2302 2831 2453 2890 dum

1450 2953 1588 2994 non
1623 2953 1832 2993 meum
1873 2930 2110 2991 sensum
2152 2928 2254 2990 sed
2299 2933 2453 2993 elios

1449 3038 1821 3118 interpretes
1856 3032 2301 3107 consulueram,
2346 3037 2455 3116 qui

1450 3137 1859 3200 Philomelam
1883 3143 1950 3197 in
1973 3134 2285 3196 lusciniam
2319 3152 2455 3195 mu-

1451 3256 1639 3301 tatam
1694 3237 1961 3301 auolass'e
2017 3243 2085 3300 in
2127 3236 2301 3299 muas
2345 3259 2456 3300 vo-

1449 3345 1609 3419 lunt,
1651 3359 1714 3405 et
1744 3358 1929 3412 ante,
1980 3358 2315 3425 antequam
2346 3361 2455 3402 vo-

1449 3448 1644 3523 laret,
1701 3445 1835 3507 suas
1880 3446 2064 3507 aedes
2110 3449 2455 3506 circumuo-

1449 3547 1643 3611 litass'e
1701 3554 1892 3627 aiunt.
1982 3549 2213 3621 Poeta,
2270 3564 2450 3629 puto,

1451 3674 1561 3715 eos
1591 3653 1880 3738 sequitur,
1922 3654 2028 3735 qui
2046 3649 2455 3712 Philomelam

1450 3761 1519 3817 in
1561 3754 1959 3816 hirundinem
1989 3769 2290 3814 mutatam
2337 3750 2460 3815 effe

1450 3872 1913 3943 memorarunt,
1974 3872 2039 3917 vt
2082 3856 2260 3916 multi
2292 3856 2461 3917 fece·

1450 3982 1557 4023 re:
1619 3963 1763 4024 vide
1810 3984 1867 4025 v.
1914 3982 1967 4022 c.
2014 3960 2304 4042 Apollod.
2348 3957 2461 4028 111,

1462 4073 1561 4142 14,
1606 4067 1668 4128 8.
1736 4064 1815 4127 cf.
1862 4062 2054 4124 Notas
2096 4084 2160 4145 p.
2200 4066 2325 4142 842
2375 4060 2458 4145 sq.

1454 4165 1705 4228 Conon.
1738 4188 1789 4228 c.
1825 4169 1927 4233 31.
2011 4162 2318 4249 Appositis
2351 4154 2459 4223 auss

1456 4284 1585 4333 tem
1659 4271 1856 4353 epulis
1871 4313 1892 4345 ,
1977 4288 2056 4332 ex
2128 4269 2276 4352 ltyis
2351 4265 2461 4326 filii

1584 4373 1627 4432 S
1958 4403 1975 4419 .
