3075 5114
582 344 1285 422 GEone100N
1355 336 2189 441 L1B.·1v,149-157
2331 345 2485 425 683

402 537 740 625 Dictaeo
789 532 1003 642 coeli⁸
1023 536 1307 633 Regem
1341 531 1637 632 'pauere
1680 524 1808 601 sub
1863 546 2105 603 antro.
2147 578 2152 583 -

412 671 638 748 Solae
676 673 1096 745 communis
1153 686 1456 768 gnat05‚
1542 661 1911 743 consortia
1962 681 2161 740 tecta

412 808 633 887 Vrbis
711 804 1030 896 habent,
1122 806 1564 903 magnisque
1626 803 1908 898 agitant
1981 797 2115 877 sub
2183 797 2492 901 legibue

1653 948 1928 996 aeuum
1944 952 1965 1013 ;

411 1071 508 1142 Et
556 1059 1115 1168 patriam-solae
1157 1077 1235 1132 et
1283 1076 1530 1133 certos
1572 1083 1862 1133 nouere
1896 1062 2234 1150 Penatis3
2343 1056 2494 1155 155,

409 1206 946 1300 venturaeque
982 1194 1248 1269 hiemis
1293 1217 1668 1268 memores
1717 1191 1998 1268 ,aestate
2046 1194 2392 1271 laborem

412 1340 950 1438 Experiuntur,
1023 1346 1099 1403 et
1166 1332 1246 1400 in
1288 1326 1624 1401 medium
1673 1326 1998 1430 quaesita
2041 1349 2450 1430 reponunt.
2544 1388 2551 1398 .

556 1503 652 1568 154
691 1519 799 1571 que
835 1494 976 1550 abest
1016 1513 1043 1548 a
1076 1509 1244 1567 quart.
1278 1494 1474 1550 Met-et.
1521 1515 1623 1549 vno
1666 1494 1845 1550 Mead.
1886 1511 1937 1548 et
1975 1510 2097 1551 vett.
2140 1496 2293 1561 edd„
2350 1499 2491 1555 forto

413 1586 620 1644 melius.
691 1603 889 1638 aeuum
932 1582 1227 1647 Gudianus.

416 1779 507 1814 res
532 1757 779 1813 Arundel.
808 1755 916 1809 Ers.

412 1901 562 1963 dem
610 1903 740 1960 eius
780 1896 970 1981 quod.
1074 1894 1167 1956 Ita
1220 1895 1409 1977 vulgo

418 2006 663 2085 dicitur,
697 2023 826 2084 pro
858 2022 1012 2083 quo,
1053 2014 1117 2057 vt
1146 1996 1247 2059 fit:
1290 2018 1409 2079 pro

418 2130 498 2170 eo
546 2107 736 2192 quod.
838 2104 1213 2164 Euemerum
1256 2122 1411 2183 poe-

415 2220 545 2271 tam
590 2224 731 2268 ante
774 2208 985 2267 oculos
1031 2204 1093 2269 h.
1136 2204 1177 2262 l.
1271 2204 1412 2261 Vir-

417 2314 566 2396 gilio
610 2308 782 2370 fuiffe
829 2307 1106 2369 discimus
1167 2327 1241 2366 ex
1285 2305 1411 2366 Co-

417 2415 568 2477 lum.
609 2414 736 2486 IX,
791 2434 863 2487 2,
910 2416 951 2476 5
997 2444 1085 2460 ——-
1127 2429 1254 2479 an,
1333 2422 1410 2468 vc

417 2521 781 2582 Euemerus
805 2530 1009 2597 poeta
1036 2513 1224 2583 dicit,
1264 2533 1412 2571 cra-

421 2622 739 2684 bronibus
803 2634 869 2678 ec
917 2619 1075 2696 sole
1147 2620 1412 2698 genitas

420 2747 603 2810 apes,
648 2744 815 2808 quas
850 2723 1177 2805 nymphae
1206 2722 1413 2802 Pluy-

417 2827 699 2890 xonides
726 2825 1202 2896 educauerunt,
1229 2844 1412 2898 mox,

417 2935 704 2992 Dictaeo
727 2931 938 3012 specu
952 2972 977 3000 ,
1029 2933 1211 2991 Iouis
1247 2930 1413 2987 exci-

420 3038 476 3095 ti
527 3054 565 3092 e
613 3036 934 3103 nutrices,
1016 3053 1258 3116 easque
1288 3052 1411 3113 pa-

421 3138 581 3197 bula
625 3157 898 3195 munere
952 3134 1064 3204 dei
1099 3138 1411 3213 sortitas,

421 3240 657 3325 quibus
698 3239 880 3321 ipsae
918 3259 1208 3321 paruum
1254 3236 1412 3296 edu·

420 3357 742 3402 canteram*
770 3343 1111 3402 alumnum
1160 3341 1276 3419 (Ita
1307 3361 1411 3402 ve·

417 3467 491 3507 ro
551 3467 587 3506 a
638 3445 791 3506 Ioue
852 3448 977 3507 mel
1017 3459 1408 3526 acceperunt,

420 3570 550 3633 quo
635 3548 852 3618 Iouem
939 3568 1203 3630 puerum
1280 3548 1410 3608 ·ale-.

417 3653 663 3732 rent?).
752 3651 883 3730 Ista
912 3654 1123 3720 enim,
1182 3671 1411 3734 quam-

416 3758 523 3816 vis
555 3776 691 3813 non
718 3753 1083 3814 dedeceant
1111 3757 1412 3836 poefim,

396 3859 792 3937 flammatim
844 3872 1068 3917 tamen
1136 3872 1202 3916 ec
1270 3878 1406 3917 vno

420 3959 879 4022 tantummodo
936 3959 1250 4035 versiculo
1316 3962 1408 4019 le·

415 4069 591 4124 viter
619 4066 847 4142 attigit
879 4065 1224 4144 Virgilius,
1257 4085 1408 4131 cum

398 4165 503 4242 fic
538 4172 678 4228 ait:
736 4167 1000 4229 Dictaeo
1032 4204 1118 4216 —
1156 4169 1264 4230 sub
1297 4190 1408 4231 an-

418 4282 532 4330 tro.
616 4271 987 4336 Tradiderat
1038 4288 1248 4348 autem
1301 4273 1433 4347 illa,

1409 1584 1505 1636 155
1534 1587 1592 1635 A
1629 1591 1878 1650 patriam
1912 1599 2009 1650 pro
2048 1580 2148 1634 Al»
2191 1584 2350 1636 codd.
2398 1584 2494 1638 ali·

416 1690 550 1747 quot
587 1672 727 1745 apud
774 1669 1019 1723 Pieriam.
1094 1683 1148 1721 et
1173 1681 1295 1720 ante
1324 1681 1505 1719 certos
1543 1667 1685 1722 abest
1704 1664 2043 1738 Longobard.

1058 1756 1153 1824 157
1191 1768 1483 1824 reportant
1506 1751 1652 1806 Voss'.

2187 1671 2285 1723 156
2321 1671 2486 1724 Iaho-

1490 1894 1830 1955 Euemerus
1860 1895 1929 1952 in
1952 1889 2164 1968 sacra
2188 1887 2489 1970 hasteria.
2545 1968 2548 1983 ,

1493 1990 1819 2079 ἀναγραφή
1876 1988 2042 2078 ἱεροὶ,
2144 1993 2222 2055 ab
2277 1996 2492 2061 Ennio

1490 2101 1685 2160 latine
1715 2097 2038 2171 conuersa,
2093 2100 2162 2158 in
2193 2120 2314 2182 qua
2344 2121 2490 2162 cum

1495 2194 1756 2263 aliorum
1799 2202 2096 2276 deorum,
2149 2217 2276 2261 tum
2305 2206 2490 2266 Iouis

1492 2307 1801 2372 Dictaei,
1856 2319 2168 2388 tamquam
2209 2310 2487 2371 mortalis

1493 2407 1782 2483 bominiS,
1824 2408 2079 2480 natales,
2118 2414 2382 2490 patriam
2413 2433 2489 2477 ac

1491 2511 1858 2595 sepulcrum,
1908 2509 2308 2597 persequutus
2352 2515 2489 2578 fue-

1491 2633 1606 2679 rat.
1634 2638 1690 2676 v.
1707 2617 1942 2678 Minue.
1959 2617 2126 2678 Felix
2143 2591 2363 2679 dctau.
2383 2641 2487 2686 ει.
2561 2623 2564 2628 ’

1494 2721 1773 2781 Lactant.
1859 2715 2004 2780 Inst.
2098 2718 2225 2783 diu.
2277 2721 2327 2796 1,
2388 2744 2486 2788 ιι.

1494 2825 1645 2885 Non
1687 2844 1836 2907 ergo
1865 2822 2198 2884 ‘admittam
2239 2830 2490 2889 coniec-

1495 2942 1699 2987 turam
1774 2929 2046 2987 virorum
2129 2927 2484 3007 doctorum,

1493 3029 1867 3097 Eumelum,
1902 3029 1983 3091 de
2011 3052 2139 3114 quo
2173 3054 2231 3097 ν.
2262 3035 2374 3095 inf.
2404 3037 2487 3100 ad

1494 3132 1577 3193 vs.
1616 3135 1764 3195 316.
1831 3129 1952 3193 effe
2018 3123 2354 3217 legendum
2414 3143 2487 3204 in

1497 3236 1879 3298 columellae
1934 3234 2156 3306 verbis.
2257 3241 2483 3318 Locus,

1497 3344 1607 3424 qui
1657 3340 1958 3422 sequitur,
2044 3336 2132 3399 est
2176 3362 2250 3406 ex
2308 3366 2489 3425 prae-

1492 3440 1875 3515 stantissimiS,
1931 3457 2189 3523 propter
2228 3446 2490 3529 dignita-

1494 3561 1621 3606 tem
1684 3549 1971 3607 tenuitati
2038 3568 2242 3607 rerum
2312 3552 2488 3612 addi..

1494 3665 1654 3722 tam,
1713 3669 1787 3707 ex
1820 3650 2116 3711 translatis
2159 3652 2236 3712 ab
2256 3650 2489 3718 huma-

1490 3773 1581 3816 no
1627 3771 1872 3834 genere.
2010 3758 2145 3817 155.
2189 3760 2487 3848 gaer-iam

1491 3852 1670 3914 fimili
1712 3856 1905 3916 modo
1949 3857 2101 3920 dixit
2154 3858 2484 3930 Columell-⁴

1490 3957 1605 4027 lx,
1648 3979 1744 4031 η,
1789 3979 1840 4018 1.
1881 3960 1994 4033 lx,
2026 3980 2088 4040 9,
2124 3982 2176 4023 1.
2260 3966 2360 4025 Ad
2386 3967 2498 4029 10--

1492 4083 1634 4126 cum
1677 4062 1826 4123 facit
1867 4061 2142 4126 Ambros.
2187 4067 2486 4136 Hexaetm
2521 4053 2526 4056 =

1490 4165 1572 4240 V,
1603 4187 1703 4225 21.
1825 4167 1964 4246 157.
2011 4167 2241 4258 Georg.
2274 4176 2326 4246 1,
2366 4197 2486 4256 127

1490 4273 1574 4333 In-
1661 4268 1952 4334 modam
2041 4279 2489 4357 quaerebant:
