3075 5114
584 349 738 437 450‘

1022 342 1654 420 P.V1RG1L11
1717 292 2248 423 MAaoms

734 537 960 611 Nunc
1009 530 1226 608 locus
1285 555 1643 604 amorum
1706 536 2056 633 ingeniis:
2145 559 2346 636 quae
2401 535 2680 611 robora
2784 522 2795 538 ⁹

1854 674 2156 773 cufim,

603 809 794 903 Quis
837 801 1092 893 color,
1173 817 1251 875 et
1291 823 1488 899 quae
1531 796 1617 871 fit
1661 799 1885 875 rebus
1937 824 2205 877 natura
2254 804 2608 879 ferendis·

597 937 965 1015 Difficiles
1012 939 1341 1037 primum
1397 953 1677 1027 terrae,
1769 937 2158 1040 collesque
2203 939 2531 1040 maligni,

747 1151 1153 1217 177ingent1's,
1207 1165 1260 1216 q.

1307 1165 1351 1197 r.
1401 1162 1547 1198 cano
1584 1145 1731 1199 Gud.

604 1234 727 1289 odd.
760 1230 882 1286 vett.
923 1251 1045 1285 cum
1074 1230 1241 1284 Goth.
1273 1250 1351 1303 pr.
1430 1231 1705 1300 serenda}
1744 1249 1866 1287 tren.

1890 1150 1987 1219 178
2026 1164 2127 1202 aut
2166 1170 2314 1221 quae
2358 1149 2606 1204 Arundel.
2638 1167 2693 1205 et

1965 1236 2230 1289 creandis
2262 1256 2393 1290 vnus
2438 1235 2688 1289 Arundel.

583 1317 862 1395 ferendis
916 1316 997 1368 vel
1046 1308 1323 1388 propterea
1365 1316 1770 1387 praeferehdum
1824 1317 1925 1373 effe
1976 1319 2188 1376 videbat
2225 1323 2500 1384 Reislduu,
2566 1322 2693 1395 quia

604 1425 655 1460 ν.
691 1407 788 1477 ¹95
837 1416 1098 1455 armenta
1134 1400 1437 1473 sequuntur.

699 1599 841 1660 177.
883 1578 1071 1636 Nunc
1107 1574 1317 1636 locum
1359 1572 1447 1634 de
1484 1594 1609 1635 va-

606 1684 714 1742 ria
741 1702 826 1740 ac
855 1677 1124 1757 diuersa
1137 1676 1282 1757 soli
1313 1692 1381 1736 ec
1409 1698 1608 1757 agro-

610 1807 761 1845 rum
814 1781 1042 1843 indole
1079 1794 1146 1839 ec
1187 1794 1473 1848 natura,
1545 1794 1609 1841 et

607 1908 645 1948 a
673 1908 730 1947 v.
778 1886 1145 1949 226--258
1206 1881 1292 1942 de
1321 1885 1499 1942 notis
1522 1902 1609 1941 ae

612 1989 900 2047 criteriis
958 1986 1424 2067 cuiuscumque
1464 1983 1611 2061 soli

608 2103 869 2170 tractat3
914 2104 977 2147 et
1018 2087 1270 2169 quidem
1302 2086 1606 2161 vniuerse,

610 2203 677 2249 vt
712 2209 848 2250 non
871 2189 1063 2249 modo
1092 2188 1382 2249 arborum
1412 2190 1623 2261 cultu-r

611 2311 746 2353 ram
774 2288 1075 2370 respiciat,
1119 2288 1224 2350 sed
1251 2306 1317 2351 et
1343 2292 1615 2354 frumen.

613 2410 824 2454 torum
868 2410 940 2453 ac
995 2390 1360 2471 pascuorum
1404 2417 1614 2457 curam

613 2493 862 2554 habeat.
941 2492 1128 2552 Nunc
1156 2495 1352 2571 locus,
1390 2500 1614 2581 inquit,

611 2594 699 2659 est
757 2611 1151 2678 opportunus
1200 2619 1271 2659 ac
1326 2605 1616 2682 proprius

614 2701 936 2761 doctrinae
990 2700 1070 2760 de
1110 2720 1398 2762 amorum
1440 2709 1618 2788 inge-

607 2808 728 2865 niis
756 2803 1116 2878 tradendae,
1144 2825 1318 2887 quae
1344 2804 1613 2882 robora,

610 2902 673 2970 b.
706 2926 865 2989 quae
897 2911 1228 2988 praecipua
1261 2911 1351 2968 vis
1382 2929 1455 2969 ac
1490 2914 1617 2969 vir«

610 3022 709 3068 tus
739 3013 1034 3091 cuiusque
1063 3008 1176 3069 soli
1203 3007 1297 3082 fit,
1341 3031 1465 3092 qua
1495 3032 1612 3093 po·

615 3107 908 3170 tissimum
973 3111 1136 3170 valet
1206 3107 1652 3187 (Claudianus

608 3213 814 3286 XVII,
872 3213 989 3292 178
1075 3211 1270 3294 Noffe
1316 3216 1463 3294 soli
1522 3219 1622 3277 vi—

610 3313 808 3394 res)‚·
851 3316 998 3395 quis
1044 3315 1266 3385 color,
1291 3318 1495 3400 *quale
1546 3339 1622 3379 ex

611 3414 904 3494 adspectu
956 3416 1248 3477 iudicium
1300 3419 1434 3480 fieri
1480 3418 1623 3502 pos-

615 3512 713 3587 fit,
746 3507 820 3575 'et
854 3536 1038 3598 quam
1066 3535 1350 3580 naturam
1375 3521 1478 3583 seu
1508 3544 1622 3584 na-

613 3618 876 3678 turalem
910 3620 1153 3704 vimfad
1193 3644 1292 3683 res
1329 3625 1618 3688 ferendas

606 3717 853 3802 habeat.
944 3722 1214 3784 Videtur
1241 3729 1309 3785 in
1337 3726 1464 3809 sqq.
1508 3748 1618 3788 an-

608 3837 672 3884 te
718 3825 935 3885 oculos
980 3822 1257 3888 lnabuiffe
1295 3828 1618 3911 Theophr.

605 3926 685 3987 de
727 3924 927 3986 Cauff.
968 3927 1170 3989 Plant.
1219 3929 1314 4005 11,
1362 3936 1400 3994 5
1448 3947 1511 3992 et
1551 3938 1613 4008 6,

601 4031 670 4090 in
752 4029 885 4089 aliis
969 4030 1267 4113 Xenoph.
1363 4035 1606 4097 Oecon.

596 4150 731 4211 cap.
774 4135 887 4204 16,
939 4152 974 4191 2
1007 4119 1135 4216 sqq.
1195 4117 1376 4197 confi
1404 4138 1605 4203 Varro

585 4233 660 4294 R.
678 4234 755 4294 R.
790 4233 843 4306 1,
861 4253 921 4314 9.
955 4236 1468 4316 etvitruv.V111,
1508 4264 1559 4304 1.

1785 1583 2165 1659 ¹79—183.
2210 1581 2427 1644 Solum
2453 1582 2693 1664 argilla·

1691 1703 1872 1743 ceum
1917 1697 1982 1745 et
2032 1688 2397 1750 calculorum
2449 1693 2536 1747 ait
2572 1686 2693 1749 effe

1689 1792 1992 1854 idoneum
2038 1793 2208 1854 oleis.
2296 1810 2520 1854 terrae
2558 1795 2695 1874 def-

1674 1902 1900 1982 ficiles
1940 1920 2163 1983 pamm
2211 1900 2474 1974 feraces,
2520 1898 2695 1982 quast

1691 2007 2008 2080 morosae,
2060 2026 2322 2087 parcae,
2367 2021 2434 2065 vt
2473 2022 2691 2065 contra

1676 2112 1947 2196 faciles,
1975 2112 2241 2187 fertiles,‘
2263 2108 2433 2195 quast
2465 2109 2690 2171 libera·-

1692 2223 1803 2295 leS,
1844 2218 2188 2281 munificae.
2255 2220 2546 2299 frugum
2570 2218 2695 2298 fa-

1696 2329 1840 2388 cilis
1876 2344 2058 2388 terra
2098 2325 2420 2386 Claudian.
2448 2325 2691 2399 XXIX,

1697 2440 1799 2515 5⁴¹}-
1885 2434 2236 2517 Iunguntur
2279 2436 2469 2494 etiam
2498 2432 2698 2493 colles

1700 2541 1981 2622 maligni
2022 2540 2248 2603 eodem
2295 2537 2468 2602 sensu
2501 2557 2566 2603 et
2598 2561 2700 2600 re-

1698 2649 1909 2732 spectu
1972 2648 2051 2709 ad
2104 2647 2540 2709 liberalitatem
2584 2647 2696 2708 soli

1698 2778 1771 2818 ac
1807 2757 2220 2817 fertilitatem:
2310 2752 2392 2816 fic
2437 2775 2690 2839 quoque

1676 2863 1909 2941 solum
1940 2862 2318 2941 benignum.
2372 2862 2447 2922 cf.
2468 2864 2693 2934 Burm„

1698 2973 1808 3052 qui
1852 2972 1921 3029 in
1974 2974 2241 3031 notione
2291 2966 2563 3045 finienda
2610 2969 2699 3028 la-

1705 3073 1930 3135 borare
1966 3076 2226 3146 videtur.
2290 3076 2698 3154 Praeceptum

1704 3181 1902 3262 ipsum
1945 3180 2199 3242 illustrat
2236 3176 2697 3261 Theophrastus

1708 3288 1787 3348 de
1818 3286 2016 3348 Causs'.
2047 3289 2249 3349 Plant.
2277 3288 2357 3362 11,
2404 3308 2454 3347 1.
2534 3285 2695 3350 Cato

1707 3416 1760 3457 c.
1791 3398 1863 3465 6;
1900 3415 2110 3478 neque
2141 3408 2487 3478 repugnat,
2527 3391 2700 3476 quod

1707 3502 1988 3564 olearum
2056 3503 2249 3563 cultui
2329 3500 2434 3561 alii
2503 3498 2702 3562 solum

1701 3613 1936 3696 pingue
2030 3608 2366 3692 adsignant.
2524 3606 2702 3667 Caeli

1701 3720 1869 3776 enim
1907 3718 2317 3797 locorumque
2349 3713 2592 3775 indoles
2627 3733 2702 3772 ac

1700 3817 1844 3882 fitus
1889 3822 2036 3883 alibi
2087 3821 2257 3883 aliud
2299 3821 2573 3882 suadent.
2618 3818 2696 3881 cf,

1700 3928 1858 3987 Plin.
1890 3929 2033 4004 xa,
2073 3933 2173 4003 18,
2203 3928 2244 3990 s.
2274 3930 2376 3992 50.
2407 3929 2511 3991 31.
2554 3926 2696 3987 Vir-

1699 4035 1877 4117 gilius
1920 4035 1999 4097 de
2046 4034 2408 4120 regionibns
2466 4034 2697 4093 Trans-

1690 4141 1949 4221 padanis
1993 4142 2336 4226 cogitabat,
2395 4158 2698 4225 aquarum

1689 4248 1916 4311 eluuiei
1984 4249 2307 4323 obnoxii„
2398 4263 2464 4310 vt
2524 4246 2692 4310 bene
