3075 5114
593 324 729 399 162
986 324 1073 399 P.
1113 321 1628 403 VIRGILII
1680 321 2214 398 MARONIS

586 508 836 585 Ambo
873 509 1240 587 florentes
1288 510 1657 586 aetatibus
1678 565 1697 602 ‚
1786 508 2116 585 Arcades
2162 505 2413 600 ambe,

589 646 686 716 Et
731 663 1036 721 cantare
1072 673 1326 748 pare5‚
1383 664 1462 721 et
1505 643 1957 747 respondere
2006 648 2269 748 parati.
2621 638 2671 718 5

590 780 763 855 Huc
789 781 1010 872 mihi,
1075 782 1258 856 dum
1284 800 1579 857 teneras
1616 778 1949 856 defendo
1982 806 2027 852 a
2058 778 2340 880 frigore
2366 794 2671 871 myrtea,

706 973 769 1038 '5
811 999 1031 1038 certare
1068 1002 1238 1053 pares
1277 982 1428 1036 Leid.
1516 997 1571 1036 σε
1614 980 1955 1054 respondere
1988 989 2162 1053 pet-tet
2198 975 2351 1036 coni(
2379 981 2457 1032 Ῑο.
2489 977 2675 1032 Schra-

600 1065 745 1127 der..
796 1085 848 1122 vt
887 1071 943 1122 in
977 1069 1209 1122 Theocr-
1267 1064 1427 1137 ἄμφω
1471 1074 1694 1138 meloda
1740 1071 2076 1140 &adequitans
2111 1066 2271 1138 ἄμφω
2318 1067 2500 1123 ἀείδειν.
2573 1063 2685 1118 Sci-

601 1151 728 1204 licet
765 1169 817 1206 et
844 1156 952 1208 boc
978 1155 1113 1207 bene
1144 1154 1391 1226 scriptum
1423 1152 1575 1222 effeta
1625 1154 1713 1208 sed
1742 1171 1901 1227 poeta
1926 1153 2110 1206 maluit
2138 1154 2377 1206 alterum.
2501 1151 2537 1205 6
2560 1153 2687 1202 Huc

600 1237 751 1290 milae
777 1242 1048 1295 reuocauit
1071 1242 1249 1294 Bunn.
1267 1279 1281 1300 ,
1318 1256 1372 1294 vt
1399 1241 1455 1294 in
1472 1221 1687 1293 ⁸'Medio
1718 1257 1770 1295 et
1797 1240 1910 1294 aliis
1941 1240 2170 1312 antiquis
2197 1238 2368 1298 libris,
2420 1235 2479 1290 it.
2515 1234 2682 1288 Goth.

604 1321 704 1374 sec.
747 1343 777 1376 a
803 1346 874 1379 m.
903 1346 984 1400 pr.
1069 1329 1178 1379 Hic
1221 1325 1365 1378 milui
1401 1342 1510 1379 erat
1543 1326 1597 1378 in
1626 1324 1742 1380 Ald.
1788 1345 1862 1395 pr.
1895 1341 1947 1378 et
1982 1325 2108 1377 hinc
2145 1323 2440 1395 descriPtis,
2495 1325 2621 1375 Huc
2651 1339 2685 1373 a

605 1407 882 1481 Naugerio
922 1429 1218 1483 receptum;
1269 1413 1413 1484 quod
1453 1414 1644 1467 iterum
1685 1413 1907 1465 eiectum
1953 1410 2008 1464 in
2044 1410 2441 1476 Pplmanniania
2481 1424 2533 1461 et
2573 1406 2687 1460 aliia

604 1493 734 1547 hinc
771 1517 863 1570 per
888 1498 1129 1570 Belgium
1165 1498 1353 1552 ductis.
1424 1501 1799 1571 Interpretatur
1832 1513 2013 1551 tamen
2053 1498 2163 1549 ch
2198 1495 2430 1550 Seruius.
2526 1508 2685 1546 cene-

612 1600 709 1633 ros
749 1582 895 1638 Voss.
984 1598 1192 1657 myrtus
1234 1579 1377 1639 Gud.
1421 1584 1562 1638 conf.
1604 1585 1737 1640 Not.
1837 1584 2233 1656 catafrigas,
2300 1580 2447 1653 quod
2488 1593 2686 1650 ¹⁰5¹t0⁸

607 1684 818 1731 exurat,
892 1689 984 1743 per
1024 1668 1276 1723 aestiuum
1316 1687 1524 1741 tempus
1575 1689 1762 1742 parum
1812 1669 1949 1723 bene
1990 1683 2340 1723 memoratum
2391 1665 2683 1720 videretur:

418 1815 424 1822 .
527 1809 530 1812 ,
607 1753 823 1809 Vofflus
870 1756 1042 1811 deleto
1089 1777 1128 1811 a
1167 1758 1486 1831 explicabat
1571 1756 1824 1828 defendo
1874 1770 2084 1828 myrtos
2107 1754 2347 1827 frigore
2390 1751 2446 1804 h.
2490 1748 2689 1811 vmbra,

606 1858 679 1891 ne
728 1841 868 1896 aestu
908 1859 1203 1897 exurantur.
1270 1846 1449 1898 Burm.
1481 1844 1620 1896 coni.
1683 1845 1791 1894 Hic
1832 1860 1934 1914 ego
1982 1840 2116 1893 dum
2161 1854 2384 1891 teneros
2428 1835 2686 1909 defendo
2754 1869 2765 1881 ·

609 1944 651 1977 a
672 1921 914 2000 srtgdre
930 1928 1124 2000 setus,
1190 1946 1243 1983 vt
1284 1930 1485 1982 haedos
1520 1926 1807 1998 intelligat.
1859 1943 1991 1999 quos
2032 1927 2088 1978 in
2129 1925 2305 1996 aprico
2347 1922 2466 1973 loco
2504 1922 2690 1992 posue·

610 2012 699 2065 rit.
782 2016 862 2066 lta
916 2032 1034 2066 vero
1087 2014 1274 2067 eadem
1326 2014 1632 2090 difficultas·
1664 2029 1868 2075 manet,
1942 2009 2080 2063 vnde
2134 2025 2340 2062 tantum
2393 2006 2550 2075 frigus
2596 2025 2690 2077 par

614 2096 872 2152 aestiuum
915 2099 1144 2152 calorem
1183 2101 1372 2153 veniat.
1443 2101 1564 2154 Nec
1604 2099 1753 2153 aliter
1791 2096 1841 2152 se
1880 2115 1961 2150 rea
1988 2095 2180 2158 habet,
2232 2093 2274 2148 fi
2300 2111 2423 2146 cum
2447 2092 2551 2144 alio
2578 2091 2690 2145 viro

611 2269 930 2331 Matthioli
951 2276 1315 2346 auctoritate
1345 2294 1487 2334 eum
1514 2294 1615 2335 re-
1693 2292 1811 2355 per
1833 2268 1892 2332 se
1921 2267 2185 2331 otiosum
2207 2288 2341 2329 non
2359 2264 2528 2342 estet,
2552 2287 2693 2327 cum

615 2371 778 2432 fellit
807 2374 1131 2436 Martinus.
1203 2377 1432 2437 Saltem
1457 2389 1614 2460 po'e-

613 2462 721 2536 tae
767 2481 998 2557 patrius
1042 2498 1190 2562 ager
1235 2484 1450 2541 notior
1490 2477 1612 2541 esse

615 2579 875 2656 debuit,
910 2602 1098 2663 quam
1128 2597 1193 2644 vt
1220 2587 1288 2645 in
1318 2582 1440 2644 hoc
1466 2606 1615 2666 pec-

618 2699 808 2745 caret.
850 2685 1019 2746 Male
1040 2700 1247 2747 autem
1273 2686 1371 2748 hic
1385 2688 1615 2770 Daph-

619 2788 727 2845 nis
770 2787 1171 2849 confunditur
1223 2811 1365 2850 cum
1418 2792 1613 2853 altero

616 2888 752 2962 illo,
784 2890 1079 2974 mythicO,
1110 2893 1241 2953 Ecl.
1256 2893 1335 2953 V.
1405 2902 1465 2972 4.
1478 2894 1616 2976 flo-

619 3007 844 3050 rences
883 2995 1253 3068 aetatibus,
1318 3012 1386 3056 vt
1427 3013 1618 3078 poeta

617 3094 804 3167 dixit,
861 3096 1049 3159 ambo
1087 3097 1353 3159 florente
1400 3115 1618 3161 aetate.

623 3200 686 3259 5.
729 3198 821 3257 Ec
849 3212 1128 3258 cantare
1149 3221 1369 3282 pares,
1413 3200 1474 3265 h.
1509 3224 1621 3285 pa-

622 3319 722 3361 res
793 3303 1143 3371 cantando.
1238 3321 1304 3366 et
1360 3321 1620 3388 vterque

622 3401 970 3466 amoebaeo
987 3410 1255 3469 carmine
1272 3406 1582 3491 praestans
1601 3435 1621 3490 3

624 3502 750 3567 hoc
822 3507 1106 3589 expreffit
1175 3528 1459 3593 paratus
1540 3514 1622 3574 ad

624 3608 1176 3689 respondendum,
1222 3616 1395 3697 quod
1433 3621 1502 3678 in
1536 3638 1619 3679 eo

623 3731 857 3792 genere
893 3709 1317 3776 difficillimum
1349 3715 1451 3779 ess.
1499 3720 1627 3780 Ne.

623 3812 770 3875 mes.
812 3816 941 3875 Ecl.
973 3816 1065 3891 11,
1103 3821 1178 3881 16
1221 3821 1416 3882 ambo
1449 3843 1623 3884 aeuo

626 3931 962 4000 cantuque
1031 3940 1250 4003 pares.
1381 3925 1625 3987 Similes

626 4018 786 4079 adeo
819 4024 898 4095 ii,
956 4027 1064 4104 qui
1107 4045 1275 4087 nunc
1303 4025 1468 4089 Italis
1498 4033 1627 4089 Im-

616 4124 1026 4203 provffacori
1056 4124 1361 4189 dicuntur.
1429 4131 1621 4213 Quod

622 4245 772 4287 vero
798 4226 1109 4291 Arcades
1133 4230 1316 4295 ambo
1343 4232 1480 4295 sunt
1492 4277 1515 4309 ,
1556 4233 1621 4296 id

1694 2379 1746 2435 is
1804 2374 2073 2455 populus
2129 2369 2353 2432 mustea
2427 2375 2692 2431 maxime

1697 2478 2139 2554 delectaretur3
2198 2474 2326 2557 ipsa
2372 2479 2560 2535 etiam
2603 2473 2695 2533 le-

1697 2603 1846 2667 gum
1881 2579 2226 2661 disciplina,
2286 2579 2366 2639 ad
2409 2578 2693 2639 mollien-

1699 2687 1812 2747 dos
1853 2682 2176 2744 hominum
2218 2683 2400 2742 nullis
2445 2679 2694 2740 vrbibus

1699 2788 2104 2850 habitantium
2144 2807 2385 2856 mores,
2444 2804 2519 2845 ea
2561 2796 2693 2842 arte

1702 2890 2146 2955 erudiebantur
2201 2892 2415 2971 pueri;
2496 2887 2699 2947 Erant

1700 3001 1911 3079 itaque
1942 2999 2106 3055 inter
2143 3013 2251 3055 eos
2281 2991 2523 3072 platea,
2588 2990 2699 3071 qui

1700 3102 1771 3159 in
1802 3118 1876 3160 ea
1910 3096 2315 3164 excellerent;
2355 3090 2458 3153 Est
2490 3108 2699 3154 tamen.

1706 3200 1895 3261 altera
1928 3221 2003 3261 ex
2032 3212 2231 3280 parte,
2277 3194 2448 3278 quod
2480 3206 2700 3273 parum

1704 3306 2043 3365 conuenire
2082 3300 2359 3371 videtur,
2450 3316 2590 3355 cum
2631 3299 2702 3356 in

1705 3427 1855 3491 agro
1908 3405 2256 3466 Mantuano
2317 3420 2377 3460 v.
2460 3419 2555 3458 η.
2622 3398 2699 3461 13

1703 3511 1794 3572 illi
1838 3528 2056 3592 greges
2084 3502 2345 3593 pascere
2394 3498 2696 3561 dicantur.

1703 3614 2082 3676 Alterutrum
2123 3608 2312 3689 igitur
2337 3623 2420 3664 ne
2460 3625 2701 3665 memo-

1705 3732 1892 3793 raret,
1932 3698 2124 3796 poeta
2161 3728 2379 3770 cauere
2407 3706 2697 3768 debebat.

1834 3821 1894 3882 6.
1944 3811 2232 3897 defendo
2300 3832 2348 3871 a
2400 3809 2696 3892 frigore,

1705 3920 1988 3994 vindico,
2058 3916 2331 4002 tegendo
2381 3935 2485 3976 eas
2555 3911 2703 3975 stra-

1706 4028 1897 4098 mine,
1945 4022 2254 4084 sarmentis
2284 4033 2401 4080 ete.
2419 4062 2440 4093 ‚
2481 4037 2565 4077 ne
2596 4018 2704 4079 fri-

1707 4149 1857 4212 gore
1909 4141 2177 4187 vrantur.
2296 4122 2421 4181 Sed
2472 4119 2572 4182 hic
2628 4138 2704 4181 ea

1707 4228 2030 4295 difficultas
2090 4234 2214 4290 iam
2274 4228 2538 4309 antiqui⁸
2605 4224 2702 4302 (v.
