3075 5114
594 362 1287 439 GEORGICON
1333 363 1545 435 LIB.
1584 365 1692 453 11,
1749 359 2153 449 154—161

2317 371 2463 454 445
2534 462 2545 471 ,

391 548 771 627 Fluctibus
846 570 923 628 et
1015 547 1318 626 fremitu
1381 549 1815 652 adsurgens„
1893 555 2187 629 Benace
2206 609 2226 646 ,
2312 582 2469 632 ma-

1635 683 1859 782 rino?
2324 695 2468 768 160

367 813 516 895 'An
555 845 971 900 memorem
995 840 1280 924 portua,
1335 821 1822 922 Lucrinoque
1854 820 2107 897 addita
2135 823 2467 920 claustra,

396 1072 552 1126 guero
589 1052 824 1109 volebat:
902 1055 1009 1115 Te,
1051 1056 1222 1117 Lari,
1259 1055 1551 1114 Maxime,
1610 1068 1773 1121 teque
1801 1059 1934 1116 ete..
1985 1069 2037 1109 vt
2066 1069 2169 1109 tres
2204 1060 2472 1130 praecipui

393 1138 538 1193 lacus
579 1140 758 1195 ltaliae
793 1158 1176 1202 memorentur,
1252 1140 1466 1201 Larius,
1533 1139 1838 1202 Verbanus,
1882 1141 1998 1214 -qui
2057 1156 2111 1194 et
2149 1143 2357 1205 Maior,
2418 1161 2473 1199 et

392 1227 651 1280 Benacus.
746 1227 924 1280 Nimis
968 1225 1235 1280 subtiliter.

1406 1229 1502 1281 160
1540 1227 1836 1298 insurgens
1884 1225 2112 1281 malebat
2169 1229 2352 1283 Wass'e
2402 1230 2474 1285 ad

396 1310 604 1365 Sallust.
645 1310 872 1383 1113933,
915 1313 1039 1384 quia
1073 1313 1178 1365 boc
1224 1326 1276 1365 et
1311 1311 1438 1365 alias
1477 1311 1634 1368 fimili
1675 1310 1819 1365 sensu
1864 1313 2106 1365 occurrit.
2173 1317 2242 1368 At
2271 1315 2378 1370 boc
2405 1316 2477 1370 ad

394 1397 822 1450 emendationem
864 1396 1065 1450 nullam
1108 1396 1226 1450 satis
1265 1396 1357 1451 est.

1525 1400 1613 1453 161
1662 1396 1827 1489 Quidx
1858 1416 2163 1452 memorem
2200 1399 2468 1455 Rufinian.

396 1502 450 1557 ρ.
476 1485 603 1557 ⁶:251-
688 1482 892 1536 abdita
917 1482 1062 1537 Gud.
1152 1484 1397 1557 claustro
1444 1483 1571 1538 duo.
1628 1548 1634 1553 ¹

405 1707 571 1757 mus,
612 1687 674 1748 h.
719 1708 1110 1772 permagnus,
1158 1686 1265 1748 sub
1291 1688 1397 1749 Al-

400 1789 585 1873 pibus
611 1794 804 1870 (nunc
826 1792 1009 1868 Lago
1044 1788 1118 1849 di
1132 1789 1397 1872 Come),

403 1898 474 1954 in
502 1916 651 1978 agro
681 1891 1153 1967 Mediolanenfi,
1182 1887 1398 1952 Lacus

403 1999 701 2056 Benacus
742 2001 811 2056 in
842 1996 1187 2057 Veronensi
1236 1997 1398 2077 (La-

400 2120 490 2179 go
528 2098 604 2159 di
637 2097 931 2181 Garda),
968 2115 1230 2181 propter
1266 2121 1398 2161 ma·

407 2202 793 2285 gnitudinem
823 2207 1022 2265 ventis
1049 2223 1119 2262 ac
1156 2203 1400 2284 procel-

404 2304 480 2365 lis
536 2304 839 2365 obnoxius
893 2325 1029 2366 non
1084 2307 1261 2367 aliter
1329 2327 1402 2367 ac

408 2427 599 2467 mare.
709 2407 884 2468 Idem
921 2410 1223 2470 Mincium
1273 2428 1401 2468 am·

406 2509 806 2571 nem-medio
851 2509 1032 2573 alueo
1095 2515 1401 2574 transmit-

411 2628 567 2677 tens.
619 2635 678 2674 v.
721 2614 879 2674 Plin.
924 2614 1038 2687 lx,
1085 2637 1165 2676 22
1221 2630 1286 2676 et
1324 2616 1399 2679 cf.

412 2716 568 2777 Aen»
609 2717 708 2790 X,
759 2719 901 2779 205.
1005 2717 1403 2798 adfingens,

409 2817 772 2880 tumescens.

536 2924 647 2984 161
675 2955 764 2969 --
789 2925 930 2999 164.
979 2922 1070 2981 M.
1108 2922 1405 3005 Vipsanio

418 3023 726 3106 Agrippa,
797 3027 867 3087 L.
911 3025 1176 3087 Canidio
1221 3028 1406 3090 Gallo

417 3123 580 3187 Ooff.
606 3128 686 3189 V.
717 3127 788 3186 C.
823 3148 980 3208 717,
1025 3147 1163 3189 cum
1193 3146 1408 3191 contra

414 3229 580 3290 Sext.
634 3230 1005 3310 Pompeium
1056 3231 1220 3292 male
1275 3254 1408 3294 rem

416 3328 675 3414 geffisset
719 3334 1098 3395 Octauianus
1156 3333 1376 3397 Caesar
1384 3378 1407 3411 ,

416 3448 510 3512 ‘vta
555 3433 895 3496 reficiendis
973 3434 1247 3498 claffibus
1317 3438 1412 3497 lo-

419 3557 562 3598 cum
597 3553 798 3598 tutum
833 3537 1125 3614 haberet,
1193 3542 1414 3624 Agrip·

419 3659 539 3721 pae
567 3639 820 3703 consilio
848 3658 1100 3724 portum
1116 3644 1414 3704 Baianum

422 3746 503 3804 in·
518 3740 651 3804 finu
667 3744 1014 3805 Puteolano
1040 3745 1226 3823 (inter
1240 3746 1414 3805 Baias

421 3860 492 3906 et
529 3848 856 3927 Puteolos)
928 3847 1415 3910 commodiorem

1477 1684 1629 1761 sum,
1694 1707 1835 1746 cum
1867 1686 2006 1747 lacu
2030 1686 2319 1765 Auerno,
2363 1696 2473 1774 qui

1477 1786 1573 1849 isti
1617 1788 1972 1871 adiacebat,
2042 1792 2474 1873 coniungeret,

1480 1913 1771 1975 aggerem
1830 1909 2038 1954 autem
2096 1891 2289 1953 modo
2346 1894 2477 1955 dic·
2530 1974 2535 1979 .

1479 2010 1647 2068 tum,
1715 1998 1823 2078 qui
1849 1996 1908 2054 V
1951 1992 2283 2056 stadiorum
2319 2011 2473 2073 erat,

1481 2096 1809 2158 latitudine
1841 2101 1939 2158 vix
1966 2096 2276 2182 quadrigis
2318 2104 2478 2161 reci-

1480 2200 1725 2279 piendis
1751 2221 1866 2282 par
1884 2201 2104 2279 (strab.
2122 2201 2203 2274 V,
2220 2223 2283 2282 p.
2305 2204 2476 2283 245),

1481 2300 1805 2384 postquam
1833 2325 1912 2365 eo
1942 2300 2212 2386 persoss'o
2242 2304 2480 2366 aditum
2520 2290 2529 2305 ’

1481 2405 1747 2466 nauibus
1802 2410 1871 2466 in
1920 2422 2172 2488 portum
2223 2407 2477 2481 fecerat,

1481 2510 1565 2567 ita
1607 2512 1909 2583 muniret,
1981 2524 2048 2570 vt
2104 2529 2141 2570 a
2193 2504 2523 2573 fluctibus'

1481 2609 1755 2692 superari
1791 2617 2117 2695 nequiret,
2182 2614 2481 2676 nauibus·
2522 2597 2527 2602 ⁸

1486 2733 1612 2795 que
1639 2729 1805 2776 tutus
1832 2720 1990 2775 intra
2021 2737 2168 2776 eum
2196 2712 2345 2776 effet
2380 2737 2478 2777 re-

1489 2832 1723 2897 ceptus.
1822 2819 1942 2877 Hic
1984 2818 2227 2878 Portus
2270 2818 2484 2880 lulius

1488 2935 1760 2981 vocatus.
1787 2920 1911 2980 vid.
1929 2921 2187 2983 Sueton.
2201 2921 2360 3003 Aug.
2386 2923 2483 2983 16.
2602 2945 2623 2964 f

1487 3021 1736 3083 Excisae
1768 3038 1900 3083 tum
1928 3020 2150 3095 siluae,
2198 3043 2360 3105 quae
2390 3023 2488 3083 lo-

1493 3145 1565 3185 ca
1604 3128 1802 3187 vicina
1856 3124 2264 3207 occupabant.
2363 3126 2490 3186 Lo-

1495 3249 1601 3288 cus
1625 3226 1892 3290 clafficus
1918 3225 2005 3289 est
2028 3227 2196 3310 apud
2209 3227 2490 3288 Dionem

1491 3331 1778 3406 XLVIII,
1807 3333 1891 3395 50
1911 3374 1929 3400 ,
1989 3331 2106 3392 alia
2136 3330 2310 3392 dedit
2342 3331 2491 3391 Clu-

1494 3453 1620 3494 ver.
1649 3432 1785 3494 Ital.
1822 3449 1949 3495 ant.
1977 3434 2089 3509 1‚V,
2121 3456 2179 3494 2.
2251 3434 2494 3495 Aduer-

1493 3535 1591 3597 sus
1626 3538 1946 3610 Seruium,
1989 3540 2098 3621 qui
2135 3539 2314 3619 plura
2354 3537 2492 3599 mif-

1499 3644 1652 3712 cuit,
1691 3637 1961 3721 disputat
1988 3640 2264 3702 Ouwens
2291 3635 2374 3702 N.
2405 3640 2494 3705 H.

1495 3766 1563 3827 p.
1582 3745 1741 3826 581.
1824 3743 2137 3804 Praelatus
2167 3758 2380 3804 tamen
2404 3743 2497 3804 se·

1498 3849 1720 3928 quenti
1767 3861 2050 3928 tempore
2103 3861 2320 3927 portus
2372 3847 2496 3905 Mi-

427 3962 494 4007 et
520 3953 811 4010 tutiorem
840 3952 927 4010 ita
954 3949 1256 4024 reddidit,
1313 3965 1420 4012 aut
1499 3947 1696 4011 senus.
1759 3950 2074 4010 Memorat
2100 3952 2307 4032 itaque
2340 3969 2501 4030 poe-

379 4045 908 4124 ‚“verius.nouum
964 4067 1219 4133 portum
1273 4073 1420 4135 ape-

428 4156 577 4226 ruit,
606 4169 674 4214 vt
700 4155 900 4214 lacum
936 4156 1295 4228 Lucrinum,
1325 4160 1423 4216 in-

432 4258 690 4332 teriecto
731 4261 955 4340 aggere
987 4279 1023 4319 a
1051 4265 1207 4320 mari
1232 4259 1422 4340 seclu-

1499 4067 1564 4111 ta
1596 4068 1847 4131 portum
1876 4052 2135 4122 Iulium;
2200 4070 2387 4135 quem
2419 4048 2502 4113 fic

1505 4159 1787 4218 ornauit:
1817 4170 2054 4236 porcus
2082 4154 2501 4238 Lucrinoque

1504 4258 1747 4319 addita
1774 4255 2080 4338 claustra,
2117 4256 2178 4318 h.
2211 4276 2502 4343 aggerem
