3075 5114
926 369 1392 438 TERTIAE
1469 371 2053 445 EDITIONIS
2403 405 2498 452 ιν

478 543 821 613 Excursus
863 540 1028 611 VIII.
1068 544 1198 632 267
1293 541 1380 610 de
1420 541 1551 610 Iuli
1613 550 2024 637 cognomine
2065 548 2357 619 Ascanio
2392 555 2501 620 in-

1064 670 1213 739 dito
1246 703 1259 714 ·
1605 678 1608 681 ’
1729 715 1767 732 -
2262 678 2338 748 P.
2377 705 2497 770 190

657 837 749 853 ...
828 798 1341 887 1X.291—296
1389 798 1581 867 Cana
1619 800 1817 869 Fides
1863 821 1931 873 et
1955 804 2146 875 Vesta
2376 832 2500 899 192

654 965 749 1021 7-
826 927 910 995 X.
938 948 1066 1016 297
1105 925 1499 997 Mercurius
1533 927 1621 995 ad
1652 930 1921 1002 Poenos
1947 933 2317 1026 placandos
2341 938 2498 1006 mis-

1060 1051 1171 1122 sus
1582 1090 1621 1107 ·
1966 1104 2001 1120 -
2371 1069 2496 1156 195

656 1215 748 1239 ο-
831 1181 944 1249 xl.
975 1183 1107 1253 353
1146 1181 1337 1250 Dido
1370 1204 1409 1249 n
1434 1181 1697 1253 Sichaei
1733 1185 1989 1256 Vmbra
2017 1195 2276 1260 monita
2370 1200 2497 1283 196

659 1348 750 1363 —
831 1309 974 1376 XII.
1000 1312 1131 1395 378
1174 1308 1331 1377 Pius
1382 1312 1647 1381 Aeneas
1973 1357 2010 1373 -
2364 1344 2487 1411 ¹97

654 1476 746 1491 -
824 1436 996 1509 xm.
1023 1442 1160 1523 402
1215 1437 1327 1503 De
1366 1440 1448 1506 iis
1490 1462 1666 1532 quae
1712 1440 1999 1510 deorum
2045 1448 2492 1535 praesentiam

1062 1582 1353 1654 arguunt
1841 1612 1877 1628 -
2361 1602 2481 1667 199

650 1729 742 1747 -—
823 1688 998 1759 XIV.
1027 1694 1162 1783 442
1229 1691 1410 1783 Equi
1458 1712 1664 1786 caput
1717 1719 1922 1765 omen
1972 1699 2492 1791 Carthaginien-

976 1862 990 1885 κ
1057 1816 1220 1884 finnt
1259 1817 1579 1888 fortunae
1908 1866 1945 1882 -
2354 1854 2491 1921 207

654 1982 751 2000 —
829 1943 974 2013 XV.
1001 1947 1134 2032 453
1200 1946 1472 2016 Pictura
1515 1953 1593 2016 in
1639 1952 1894 2043 templo
1937 1953 2361 2047 Carthaginis
2405 1961 2492 2028 ab

818 2044 853 2063 ..
1055 2073 1289 2143 Aenea
1342 2076 1734 2168 perlustrata
1996 2121 2031 2138 -
2359 2109 2490 2176 209

654 2240 748 2256 -
828 2198 1001 2269 XVI.
1030 2207 1159 2292 469
1230 2204 1342 2269 De
1381 2204 1601 2273 Rheso
1991 2248 2032 2267 -
2354 2235 2492 2281 210

652 2369 745 2383 —
825 2328 1029 2397 XVII.
1062 2338 1195 2421 474
1268 2334 1379 2398 De
1426 2333 1669 2402 Troilo
1994 2375 2032 2393 -
2357 2363 2435 2409 21
2454 2366 2481 2406 1

654 2494 746 2510 -
826 2457 1057 2525 xvnl.
1088 2464 1219 2546 483
1268 2461 1382 2527 De
1410 2461 1713 2529 Hectore
1743 2464 1920 2529 circa
1950 2464 2228 2533 Troiam
2257 2484 2488 2560 rapta-

1059 2602 1136 2654 to
1547 2631 1585 2647 -
1941 2633 1978 2649 -
2343 2601 2482 2666 213

657 2750 748 2764 -
825 2711 999 2780 XIX.
1031 2719 1160 2803 489
1206 2715 1316 2782 De
1363 2716 1741 2786 Memnone
2016 2762 2053 2777 -
2350 2727 2484 2797 215

659 2878 751 2896 -—
826 2840 1022 2908 XIX*
1046 2848 1177 2932 490
1248 2847 1369 2911 De
1411 2848 1899 2914 Amazonibus
1946 2852 2301 2915 auxilium
2347 2855 2484 2919 Ilio

1041 2972 1446 3063 ferentibus
1866 3015 1903 3030 -
2355 3002 2488 3070 217
2573 2951 2582 2972 ⁸

825 3096 969 3164 XX·
988 3104 1118 3187 498
1148 3093 1411 3168 Βίεῐιὲε
1442 3118 1510 3167 et
1524 3100 1992 3192 Nympharum
2024 3102 2312 3171 choreae
2356 3131 2484 3195 2¹9

826 3224 1156 3296 xxl.53o
1219 3231 1329 3295 De
1392 3231 1673 3319 antiquo
1712 3228 1939 3295 Italiae
1983 3235 2267 3299 nomine
2350 3240 2482 3304 223

830 3351 1028 3422 XXII.
1067 3358 1195 3427 580
1250 3359 1441 3430 Auro
1497 3351 1821 3424 inclusum
1869 3351 2071 3442 ebnr,
2160 3378 2480 3441 marmor,

1063 3500 1415 3576 argentum
1848 3526 1883 3543 -
2349 3487 2485 3555 225

656 3647 747 3662 —
828 3607 1055 3677 mn.
1089 3615 1215 3700 619
1256 3615 1508 3681 Teucri
1540 3613 1626 3680 ad
1653 3613 1974 3682 Sidonios
2007 3612 2293 3681 access'us
2353 3631 2486 3701 227

658 3776 751 3790 —
833 3736 1067 3804 XXIV·
1096 3741 1225 3832 653
1259 3743 1372 3809 De
1414 3740 1632 3811 Ilione
1952 3783 1987 3800 -
2354 3747 2485 3812 228

834 3872 1040 3942 XXV.
1069 3879 1200 3966 716
1257 3878 1347 3944 Et
1381 3902 1698 3970 magnum
1749 3878 1888 3948 falfi
1947 3876 2256 3970 impleuit
2294 3879 2486 3971 geni-

1066 4009 1235 4071 toris
1267 4028 1566 4074 amorem
1901 4037 1904 4040 ·
1973 4047 2012 4068 -
2357 4010 2486 4076 228

659 4167 753 4183 ....
836 4126 1069 4199 XXV}-
1099 4134 1229 4222 750
1264 4130 1484 4200 Multa
1508 4131 1710 4252 super
1735 4131 2003 4202 Priamo
2034 4138 2331 4230 rogitans
2359 4159 2490 4224 229

485 4330 557 4396 Τ
578 4353 623 4397 o
644 4356 726 4399 Μ.
762 4330 795 4398 1
1126 4309 1129 4312 Ι
1620 4359 1667 4427 g
