3075 5114
734 337 1435 415 GEORGICON
1496 339 1701 409 Lm.
1731 337 1789 427 1,
1823 335 2153 420 36—48
2345 329 2508 406 ,285

539 531 737 608 vere
775 552 986 603 nouo
1006 579 1030 621 ,
1092 524 1380 629 gelidus
1425 529 1628 601 canis
1674 549 1909 626 quum
1948 519 2330 596 montibus
2370 518 2510 593 hu-

1667 684 1840 733 mor

432 799 810 901 Liquitur,
902 814 979 872 et
1019 795 1366 898 Zephyro
1410 798 1646 898 putris
1699 792 1770 869 se
1817 789 2035 894 gleba
2081 784 2402 880 resoluit,

430 928 794 1033 Depreffo
824 935 1132 1032 incipiat
1157 937 1309 1006 iam
1348 950 1508 1005 tum
1557 930 1742 1004 mihi
1784 947 2036 1001 taurus
2083 941 2328 995 aratro
2408 916 2504 1005 45

435 1069 854 1167 Ingemere‚
945 1084 1021 1141 et
1076 1065 1278 1142 sulco
1319 1066 1631 1141 adtritus
1670 1060 2180 1165 splendescere
2220 1082 2503 1134 vomer.

434 1202 569 1310 ma
611 1200 809 1303 seges
855 1201 1161 1277 demum
1216 1207 1406 1276 votis
1450 1200 1844 1303 respondet
1887 1201 2092 1271 auari

436 1336 862 1440 Agricolae,
940 1334 1054 1411 bis
1097 1362 1294 1440 quae
1334 1336 1557 1412 solem
1579 1393 1599 1430 ,
1641 1335 1781 1412 .bis
1824 1334 2098 1435 frigora
2156 1328 2404 1424 senfin

550 1549 642 1617 ’44
674 1545 919 1621 zephyro
957 1554 1114 1618 pueri
1154 1545 1275 1601 edd.
1305 1549 1610 1603 Terentiani
1637 1547 1842 1609 Mauri,
1879 1565 2169 1621 perperam.
2223 1545 2298 1620 se
2322 1552 2505 1621 pueris

435 1629 587 1688 Tou.

444 1805 647 1860 zulich.

722 1637 792 1702 46
824 1644 1005 1688 vomis
1033 1633 1228 1688 Medic.
1279 1653 1310 1689 a
1348 1655 1420 1688 m.
1468 1635 1565 1688 sec.
1615 1649 1731 1690 tert.
1760 1633 1978 1690 Mentel.
2013 1635 2141 1705 neg.
2187 1653 2218 1686 a
2251 1654 2322 1687 m.
2372 1635 2502 1696 sec.;

441 1718 515 1775 fic
542 1720 634 1773 ins.
671 1721 766 1775 162
796 1735 849 1773 at
883 1739 965 1793 ap.
998 1720 1162 1774 Ouid.
1195 1721 1325 1776 fast.
1366 1723 1459 1784 IV,
1498 1739 1621 1794 927.

795 1809 867 1874 48
903 1825 1051 1879 que
1091 1809 1180 1860 bis
1201 1806 1261 1877 Ι
1303 1808 1515 1881 Menag.
1563 1808 1708 1861 alter.
1799 1808 1882 1861 bu
1924 1825 2146 1879 quoque
2165 1806 2223 1877 Ι
2269 1805 2499 1860 Parthas.

1784 1732 1851 1790 47
1887 1728 2013 1775 vot!
2055 1721 2212 1773 Rom.
2310 1728 2506 1773 anat-ts

423 1892 604 1963 sentit
639 1892 844 1986 zulich.
871 1893 981 1946 duo
1005 1895 1202 1949 Motat-
1228 1910 1282 1950 at
1302 1894 1487 1966 fragm.
1527 1892 1693 1948 aiuad.
1723 1894 1891 1949 Goth.
1934 1912 2013 1966 pr.
2046 1911 2167 1947 cum
2192 1891 2300 1947 Ers.

516 2084 813 2161 43-46.
847 2081 1009 2141 Cum
1036 2083 1242 2162 primo
1284 2057 1430 2139 vere
1493 2080 1773 2163 frigora
1811 2077 2041 2158 sss'fi‘·
2118 2079 2319 2161 [εὸσα
2356 2077 2417 2143 h.
2455 2080 2501 2140 1.

304 2236 311 2248 .
438 2191 633 2249 aratio
703 2184 1078 2247 instituenda
1146 2179 1264 2245 est:
1349 2181 1429 2241 ad

441 2288 691 2349 ductum
724 2286 979 2349 Hesiodi
1016 2288 1089 2350 E.
1129 2288 1258 2365 458
1275 2285 1426 2369 sqq„

445 2413 582 2452 cum
612 2396 715 2451 nix
753 2388 1062 2474 liquescit,
1134 2405 1201 2450 et
1239 2404 1428 2456 terra,

442 2513 479 2553 a
506 2494 732 2578 frigore
760 2489 1078 2555 constricta
1095 2536 1115 2567 ,
1179 2490 1425 2575 tepidae

440 2614 626 2660 aurae
655 2596 860 2658 afflatu
888 2595 1227 2659 resoluitur.
1299 2615 1423 2676 pu-

439 2703 657 2761 eris—
670 2701 905 2781 gleba,
949 2700 1218 2763 emollita
1246 2713 1425 2779 tepo-

433 2827 502 2868 re
515 2848 537 2879 ‚
589 2805 852 2867 resoluta
879 2819 942 2865 et
973 2819 1223 2875 tenera,
1282 2822 1424 2860 cum

437 2923 622 2969 antea
654 2904 803 2969 effet
833 2907 976 2990 gelu
1019 2903 1315 2967 adstricta.
1362 2924 1421 2964 v.

439 3013 517 3073 ad
548 3012 625 3087 11,
648 3019 790 3090 204.
860 3013 945 3088 45
976 3008 1058 3091 sq.
1086 3010 1290 3089 Quam
1321 3028 1421 3068 or-

441 3132 584 3177 nate
613 3136 769 3197 pro:
813 3117 936 3173 iam
969 3128 1100 3172 tum
1132 3114 1423 3171 arationis

438 3223 683 3279 initium
712 3216 1065 3277 faciendum
1097 3214 1214 3276 est!
1302 3215 1426 3274 Lu-

435 3338 584 3387 cret.
614 3325 691 3396 V,
728 3342 850 3401 209
907 3322 1008 3379 vis
1036 3319 1426 3377 humana—

431 3425 663 3487 valido
693 3423 1008 3502 cotffuaca
1037 3421 1294 3483 bidenti
1319 3423 1427 3481 In-

414 3550 699 3610 -gemere
754 3543 821 3588 at
895 3543 1144 3588 cetram
1201 3520 1428 3608 preffu

427 3631 857 3713 proscindere
880 3633 1144 3692 aratris.
1183 3629 1281 3690 Ad
1295 3648 1429 3688 rem

434 3757 492 3802 v.
547 3735 832 3814 Dickson
886 3731 1289 3813 Husbandty
1358 3730 1443 3813 of

439 3837 550 3898 che
572 3842 874 3897 oraciones
892 3840 968 3898 T.
987 3839 1034 3897 1.
1070 3859 1132 3919 p.
1148 3837 1275 3916 483
1301 3833 1387 3916 sq.

394 3936 401 3939 ⁷
521 3950 606 4022 47
627 3953 819 4023 -49,
863 3944 947 4004 At
973 3946 1170 4003 aratio
1204 3946 1426 3999 iterato

435 4043 721 4107 faciencta
769 4043 853 4107 est
867 4089 891 4120 ,
956 4060 1023 4106 vt
1084 4058 1426 4127 prouentus

433 4155 567 4234 agri
609 4155 765 4212 votis
808 4148 1200 4230 respondeat.
1296 4147 1425 4207 Illa

409 4254 710 4333 seges—
730 4253 832 4314 bis
859 4273 1032 4337 quae
1056 4253 1302 4333 solem,
1327 4251 1427 4314 bis

1513 2186 1600 2250 est
1627 2203 1808 2262 terra,
1846 2206 2007 2269 ager.
2061 2185 2407 2266 Trepidam
2433 2186 2504 2245 in

1509 2291 1629 2354 h.l.
1662 2292 1940 2371 Interpp.
1972 2294 2095 2348 iam
2118 2289 2268 2349 inde
2300 2290 2504 2349 aPro-

1488 2394 1627 2468 ‚bo‚
1669 2410 1737 2455 vt
1762 2408 2144 2474 componant
2175 2392 2330 2454 haec
2360 2412 2503 2452 cum

1509 2502 1791 2560 aratione
1855 2499 2074 2568 tertia,
2140 2515 2264 2578 qua
2312 2496 2502 2579 vulgo

1509 2597 1743 2664 constat
1809 2598 1926 2661 seri
1987 2597 2230 2660 solitum
2303 2596 2502 2673 fuiss'e,

1507 2712 1594 2767 ita
1621 2721 1689 2765 vt
1717 2724 1860 2765 vere
1890 2707 2148 2764 ineunte
2181 2722 2328 2786 ager
2354 2722 2503 2783 pro-

1506 2809 1918 2881 scinderetur,
2016 2786 2239 2866 aestate
2318 2808 2504 2864 itera-

1505 2931 1709 2987 retur,
1754 2925 2089 2971 auctumno
2130 2911 2503 2980 tertiaretur,

1505 3035 1694 3103 atque
1769 3020 1857 3076 ita
1935 3013 2222 3076 sementis
2305 3010 2501 3073 fieret.

1507 3122 1674 3184 conf.
1722 3119 1833 3180 inf.
1887 3137 2009 3198 219
2041 3115 2165 3199 sqq.
2251 3130 2316 3175 et
2357 3113 2501 3176 vide

1505 3247 1564 3290 v.
1612 3246 1664 3286 c.
1711 3223 1957 3283 Colum.
1998 3219 2145 3295 11,4
2203 3232 2265 3279 et
2308 3216 2395 3286 11,
2437 3218 2502 3282 8.

1509 3328 1650 3389 add.
1705 3328 1871 3387 Arat.
1925 3321 2195 3386 Diosem.
2250 3322 2369 3385 321
2415 3320 2505 3405 sq.

1507 3433 1589 3493 At
1622 3434 1788 3492 enirn
1815 3431 1861 3486 ii
1901 3424 2240 3506 agricolae,
2300 3427 2409 3505 qui
2435 3426 2506 3485 in.

1511 3551 1672 3595 terra
1701 3536 1818 3591 rite
1845 3527 2179 3609 subigenda
2207 3526 2507 3588 summam

1513 3636 1783 3697 culturae
1842 3628 2199 3712 ponebant,
2282 3644 2504 3713 quater

1516 3736 1773 3798 arabant
1784 3752 1824 3807 ,ε
1871 3732 2056 3795 semel
2099 3732 2350 3815 quidem
2375 3736 2505 3792 iam

1508 3840 1617 3901 sub
1678 3838 1868 3911 finem
1927 3840 2274 3910 auctumni,
2370 3851 2504 3896 tum

1508 3964 1656 4005 vere
1722 3946 1871 4003 anni
1921 3940 2228 4022 sequentis
2249 3981 2267 4014 ,
2311 4016 2318 4021 .
2357 3958 2503 4001 mox

1510 4044 1769 4120 aestate,
1848 4045 2100 4105 tandem
2140 4057 2499 4115 auctumno,

1510 4173 1650 4213 cum
1682 4149 1928 4212 sationis
1960 4164 2200 4229 tempus
2229 4144 2503 4206 instaret.

1496 4257 1766 4325 ‚Graecis
1796 4254 1864 4315 id.
1890 4252 2167 4316 sollenne
2208 4245 2382 4310 fuiffa
2412 4251 2500 4308 vi·
