3075 5114
600 319 751 393 280
798 279 803 284 Ι

980 319 983 320 f
1057 309 1143 382 P.
1189 261 1687 385 vmfflmt
1747 304 2266 382 MARONIS

607 503 1170 598 Terrarumque
1213 495 1393 569 velis
1435 520 1730 585 curam,
1807 509 1883 567 et
1925 509 2003 565 te
2046 518 2439 568 maxumus
2478 494 2681 575 orbis

608 645 1019 713 Auctorem
1059 629 1361 729 frugum
1420 625 2097 730 tempestatumque
2152 645 2545 728 potentem

609 763 991 870 Adcipiat,
1061 771 1365 867 cingens
1412 782 1770 838 materna
1801 780 2146 861 tempora
2199 759 2481 855 m'yrt'05

768 935 840 988 26
881 948 936 985 te
980 946 1034 983 et
1078 949 1149 984 m.
1200 929 1416 1000 Menag.
1459 947 1541 1000 pr.

616 1019 786 1077 Goth.
824 1017 920 1072 sec.
963 1036 995 1070 a
1029 1036 1102 1069 m.
1144 1033 1224 1088 pr.

617 1175 800 1240 gere,
884 1152 1217 1216 moderari.
1369 1150 1618 1212 Scilicet

616 1272 809 1342 poeta
852 1276 1113 1337 pergere
1153 1252 1440 1327 volebat,
1506 1273 1616 1312 vr-

619 1360 819 1421 besne
887 1359 1172 1436 inuisere
1251 1370 1319 1415 et
1402 1371 1618 1416 terras

623 1473 878 1522 curare.
922 1455 1044 1520 hoc
1075 1458 1448 1521 inuertendo
1480 1479 1614 1517 mu-

621 1567 798 1637 tauit,
846 1562 1097 1622 velisne
1136 1581 1366 1622 curam
1408 1576 1621 1624 terra·

933 1662 1036 1726 Est
1114 1680 1323 1726 autem
1412 1663 1617 1737 velle,

623 1772 844 1842 etiam,
930 1767 1275 1849 praeferre,
1355 1765 1487 1827 fere
1557 1779 1619 1824 vt

621 1873 903 1932 Homero
944 1865 1291 1952 βούλεσθαι
1310 1885 1326 1902 ·
1365 1862 1624 1950 βούλομ’

624 1968 746 2047 ἐγὼ
780 1968 933 2036 λοιδν
972 1965 1108 2035 σόον
1155 1970 1445 2048 ἔμμεναι,
1501 1987 1618 2049 pro

623 2067 923 2155 βούλομαι
983 2071 1257 2149 μᾶλλον,
1311 2069 1619 2149 praefero.

625 2174 803 2234 Bene
881 2187 1087 2233 autem
1164 2170 1385 2232 Caesar
1454 2175 1621 2230 inter

628 2275 784 2336 deos
813 2274 1054 2334 vrbium
1096 2290 1161 2336 et
1184 2290 1488 2334 terrarum
1522 2288 1621 2333 tu-

627 2378 855 2438 telares
914 2375 1130 2437 referri
1186 2382 1428 2457 potuit:
1528 2381 1619 2436 vti

626 2481 717 2542 dii
758 2477 896 2540 sunt
941 2477 1277 2561 πολιοῦχοι.
1381 2481 1622 2542 Notan-

627 2583 709 2644 da
738 2602 887 2643 vero
920 2566 1098 2663 copia
1131 2588 1448 2658 orationis,
1472 2606 1619 2668 qua,

623 2685 959 2768 splendore
989 2706 1127 2745 cum
1157 2684 1412 2762 summo,
1454 2689 1623 2749 idem

623 2793 811 2851 toties
863 2784 1073 2848 effert:
1161 2786 1412 2849 velisne
1463 2790 1627 2852 deus

625 2892 772 2973 effe.
861 2892 1154 2952 Ceterum
1205 2892 1283 2952 cf.
1314 2894 1544 2957 Lucan.
1573 2895 1625 2970 1,

623 2998 711 3074 45
729 2994 863 3077 sqq.
909 3010 974 3055 et
987 2996 1134 3054 Stat.
1152 2992 1353 3054 Theb.
1369 2996 1421 3070 1,
1442 3004 1524 3074 24
1534 2995 1620 3080 sq.

627 3100 730 3161 26.
752 3099 1084 3156 maximus
1112 3096 1308 3171 orbis,
1349 3095 1454 3160 seu
1485 3118 1623 3159 cae·-

619 3200 787 3274 lum,
838 3197 976 3271 seu,
1021 3199 1197 3282 quod
1222 3203 1421 3260 verius
1450 3221 1623 3262 nunc

621 3281 744 3362 effe
777 3298 1062 3375 arbitror,
1104 3300 1270 3362 orbis
1303 3313 1621 3368 terrarum.

623 3404 955 3461 maximus
983 3423 1100 3482 pro
1136 3424 1447 3489 magnus,
1492 3407 1617 3466 vid.

617 3504 829 3563 Burm.
863 3503 942 3563 ad
975 3524 1028 3562 v.
1072 3506 1207 3584 187.
1283 3510 1618 3589 accipiat:

600 3598 849 3666 'habeat
876 3621 1259 3677 auctorem,
1327 3611 1616 3672 modera-

612 3722 819 3767 torem
854 3716 1195 3789 prou‘entus
1226 3732 1517 3795 agrorum
1549 3730 1614 3775 et

554 3850 569 3893 .
612 3806 1039 3889 tempestatum
1053 3855 1075 3885 ,
1130 3813 1418 3899 adeoque
1450 3833 1615 3880 tute·

609 3912 736 3972 lam
755 3914 1209 3995 agricOIationis
1229 3941 1248 3995 ;
1287 3935 1530 3979 auctor
1547 3916 1613 3982 et

625 1688 794 1726 rum-

1643 965 1652 972 .
1698 940 1766 993 ²7
1786 921 2035 997 frugum
2100 926 2250 977 caeli
2302 940 2598 999 terraeque
2625 947 2683 997 p.

1391 1016 1461 1069 28
1497 1017 1764 1083 Accipiet
1802 1007 1949 1064 voff.
2048 1011 2260 1064 Durum
2312 1009 2435 1066 affut
2478 1013 2694 1086 iungere

1699 1145 1817 1206 lius
1847 1146 1900 1219 1,
1929 1145 2056 1225 393
2120 1166 2195 1206 ex
2227 1142 2288 1206 h.
2319 1145 2362 1207 l.
2452 1149 2693 1227 Caesar

1699 1268 1879 1307 nuuc
1968 1249 2166 1307 tertis
2176 1290 2198 1320 ,
2282 1247 2429 1330 post
2505 1252 2692 1311 caelo

1700 1353 2028 1410 maximus
2066 1365 2336 1423 auctor,
2377 1370 2691 1437 regnator.

1703 1457 1826 1513 iam
1867 1452 2135 1515 debebat
2176 1452 2380 1538 sequi,
2430 1470 2498 1517 ee
2522 1459 2695 1516 cinc-

1705 1571 1847 1616 tum
1876 1573 2181 1617 materna
2200 1573 2499 1640 tempora
2523 1580 2695 1641 myr-

1706 1674 1819 1730 t0‚·
1901 1682 2069 1722 nunc
2118 1661 2285 1721 idem
2337 1661 2512 1721 orbis
2559 1667 2698 1721 cin-

1699 1782 1867 1840 gens
1897 1778 2198 1842 tempora
2225 1781 2437 1845 myrto
2471 1766 2693 1841 dictus,

1704 1861 1930 1924 scilicet
1989 1884 2221 1924 corona
2274 1882 2508 1948 myrtea
2555 1885 2699 1930 orto

1705 1966 2002 2025 aVenere
2020 1963 2312 2047 Augusto,
2343 1987 2516 2028 nouo
2550 1970 2695 2045 den,

1701 2063 2006 2147 imposita.
2076 2068 2469 2152 Magnificum
2496 2069 2697 2151 phan-

1705 2170 1927 2229 tasma!
1971 2171 2091 2230 Fac
2122 2186 2184 2231 te
2211 2172 2421 2232 videre
2453 2174 2694 2235 Orbem

1702 2274 2033 2334 Terrarum
2060 2271 2334 2356 Augusto
2374 2273 2552 2336 stanti
2588 2297 2694 2337 co·

1704 2396 1925 2436 ronam
1991 2391 2291 2459 myrteam
2364 2382 2698 2460 imponen-

1704 2494 1868 2559 tem3
1936 2495 2042 2539 aut
2084 2477 2416 2565 Augustum
2459 2488 2526 2543 in
2566 2505 2699 2545 me-

1706 2582 1813 2643 dio
1851 2586 2015 2643 inter
2049 2584 2328 2668 Cybelen
2367 2601 2431 2648 et
2458 2589 2699 2669 Neptu-

1706 2705 1860 2745 num
1904 2683 2166 2747 stantem
2200 2704 2264 2749 et
2310 2688 2386 2749 ab
2433 2706 2698 2773 Vtroque

1711 2807 1943 2849 corona
2000 2806 2234 2873 myrtea
2296 2799 2697 2854 coronatum!

1686 2899 1816 2970 '27.
1866 2892 2354 2972 tempestatum,
2437 2915 2571 2956 non
2615 2895 2696 2957 de

1703 2994 1991 3073 procellis
2048 2997 2473 3076 accipiendum
2492 3026 2544 3071 ,·
2592 2996 2700 3059 sed

1706 3095 1785 3155 de
1832 3096 1985 3155 caeli
2030 3102 2309 3181 aerisque
2343 3104 2702 3162 mutationi-

1705 3198 1822 3258 bus
1851 3213 1913 3258 et
1936 3204 2084 3258 anni
2114 3202 2513 3282 temporibus,
2549 3208 2697 3286 quia

1708 3321 1849 3360 cum
1893 3302 2168 3384 frugibus
2200 3304 2302 3363 illa
2345 3309 2518 3386 iungi
2559 3325 2696 3366 mos

1706 3402 1810 3464 est.
1912 3404 2320 3485 tempestates
2373 3427 2491 3486 pro
2539 3419 2696 3465 tem-

1700 3505 1959 3588 poribus
1992 3506 2117 3568 fiue
2155 3505 2315 3567 statis
2327 3550 2348 3579 ,
2404 3505 2528 3568 flue
2561 3513 2699 3591 qui·

1702 3606 2063 3691 buscunque
2108 3609 2238 3668 aliis
2282 3611 2381 3670 vel
2425 3612 2696 3673 Lucretii

1698 3712 1984 3792 exemplo
2031 3711 2196 3773 bene
2226 3711 2533 3788 dietmtur,
2588 3715 2694 3778 vbi

1669 3816 1777 3876 'ad
1826 3819 1974 3875 anni
2007 3817 2285 3899 caelique
2324 3823 2694 3899 temperiem

1694 3924 1973 4002 aerisque
2020 3923 2465 3994 mutationem,
2523 3941 2690 4003 quae

603 4029 843 4096 potens
872 4017 953 4076 ad
982 4019 1247 4080 eandem
1277 4028 1609 4084 notionem
1695 4041 1834 4082 cum
1902 4018 2042 4102 ipfia
2097 4026 2394 4102 temporis
2450 4022 2687 4083 vicibus

609 4115 919 4197 spectant;
974 4139 1141 4192 nam,
1184 4128 1292 4205 qui
1320 4124 1603 4207 largitur,
1683 4123 1972 4198 succedit,
2001 4124 2357 4207 respiciam·
2413 4128 2514 4192 28.
2547 4144 2688 4184 ma-

500 4306 509 4313 .
610 4222 659 4280 is
688 4217 875 4283 habet
901 4225 972 4285 in
999 4222 1339 4306 potestate3
1391 4229 1600 4291 Mani·-
1682 4243 1877 4291 terna
1903 4244 2157 4311 myrto,
2212 4227 2449 4294 Veneri
2484 4232 2675 4302 sacra,
