3075 5114
686 368 695 373 ’
788 371 1267 448 PRIORIS
1328 371 1944 448 EDITIONIS
2125 412 2134 425 ·
2246 400 2443 451 xvn

312 583 575 656 initio·
602 576 1157 681 quaerebatur.
1265 580 1462 652 Cum
1492 581 1713 651 etiam
1749 574 1986 650 multa
2027 571 2203 669 sint,
2252 604 2450 679 quae

324 714 585 792 sentiri
641 714 970 816 quidem
1014 712 1237 790 facile
1284 709 1591 815 poffint,
1661 711 1784 787 sed
1824 736 2022 815 quae
2067 737 2451 816 expauere

339 850 775 927 admodum
820 847 1132 924 difficile
1179 844 1303 938 fit,
1388 847 1573 923 dum
1612 852 1694 921 in
1733 851 1823 921 iis
1866 848 2294 929 commode.
2323 877 2454 928 ex.

348 986 722 1089 plicandis
778 1007 861 1062 et
907 984 1351 1061 illustrandis
1392 981 1681 1059 defixus
1739 986 2027 1058 animus
2075 981 2213 1077 est,
2286 985 2454 1064 fieri
2523 978 2528 987 ’

358 1121 575 1213 solet,
645 1140 731 1196 vt
774 1117 1037 1196 sensim
1084 1117 1494 1223 sensimque
1535 1117 1635 1193 ad
1678 1117 1858 1195 alias
1906 1144 2156 1197 rerum
2200 1129 2451 1200 notio·

348 1282 489 1332 nes
530 1275 615 1333 et
653 1260 1024 1357 imagines
1070 1256 1496 1348 delabatur,
1546 1274 1626 1333 et
1662 1254 1978 1331 tandem
2019 1258 2454 1360 explicatio·

350 1417 541 1467 nem
588 1411 671 1469 et
710 1395 1410 1493 interpretationem
1448 1389 1877 1494 subiungat,
1941 1417 2209 1497 quam,
2270 1393 2325 1471 si
2373 1401 2454 1471 in

342 1528 509 1603 -alio
551 1525 1175 1629 deprehenderit,
1258 1527 1648 1629 quomodo
1695 1532 1768 1603 ei
1810 1532 1894 1602 in
1951 1548 2287 1607 mentem
2332 1557 2454 1608 ve-

354 1668 601 1754 nerit,
655 1658 952 1762 affequi·
978 1666 1099 1736 vix
1139 1660 1379 1764 poffit.
1483 1667 1707 1761 Quae
1738 1667 1993 1738 omnia
2031 1689 2191 1739 non
2217 1666 2453 1741 modo

356 1796 699 1873 nostram
729 1794 856 1872 sed
885 1822 1373 1876 communem
1414 1804 1909 1900 interpretum
1938 1799 2456 1878 conditionem

357 1934 640 2008 duram
690 1930 853 2008 satis
901 1952 979 2011 et
1030 1936 1365 2036 iniquam
1411 1932 1562 2011 effe
1606 1933 1923 2028 docent,
1999 1938 2108 2009 ita
2134 1953 2212 2009 vt
2249 1940 2333 2010 in
2361 1964 2455 2013 eo

358 2094 651 2171 genere
697 2053 1079 2171 perfectae
1121 2070 1404 2174 aliquid
1465 2089 1545 2147 et
1595 2068 1978 2148 absolutae
2016 2095 2298 2174 operae
2339 2079 2457 2149 vix

364 2209 761 2306 expectari
802 2203 1046 2304 possit.

522 2341 723 2420 Mihi
763 2366 940 2416 vero
989 2345 1072 2419 in
1116 2338 1424 2441 Virgilio
1478 2343 1858 2441 perpetuis
1901 2346 2455 2419 commentariis

363 2473 813 2553 illustrando
831 2531 851 2568 ,
964 2501 1142 2551 nam
1188 2479 1552 2550 variantes
1601 2474 1968 2551 lectiones
2021 2501 2455 2581 congerere,

376 2631 509 2686 aut
547 2612 853 2686 notulas
886 2609 1149 2714 paffim
1192 2609 1672 2711 adspergere,
1734 2630 1868 2684 aut
1906 2635 2293 2715 excerptas
2321 2615 2460 2691 ob·

367 2745 834 2823 set-nationes
901 2772 996 2823 ex
1057 2744 1339 2823 schedis
1399 2745 1758 2845 colligere
1820 2766 1898 2823 et
1977 2748 2462 2829 transcribere

363 2910 537 2962 non
579 2902 880 2958 tantum
925 2878 1376 2958 difficultatis
1416 2877 1815 2972 hahuiffet,
1879 2878 2010 2972 sed·
2042 2888 2124 2958 in
2151 2888 2461 2988 Virgilio

375 3024 762 3122 perpetuis
813 3007 1366 3096 commentariis
1400 3014 1834 3092 illustrando
1889 3037 1967 3094 et
2016 3023 2335 3098 maiores
2388 3044 2466 3099 et

374 3156 631 3258 plures
675 3150 1060 3230 molestiae
1101 3153 1649 3231 obiiciebantur
1703 3178 1801 3229 ex
1852 3151 2310 3256 superiorum
2351 3164 2465 3237 in·

374 3265 819 3393 terpretum'
861 3293 1082 3391 copia
1136 3310 1213 3402 et
1264 3289 1675 3369 multorum
1725 3288 2033 3392 operosa
2080 3315 2463 3372 commen·-

378 3434 695 3503 tatione.
800 3428 996 3502 Nam
1024 3431 1105 3499 in
1142 3445 1372 3527 poeta
1398 3424 1764 3518 versabar,
1815 3453 1862 3501 a
1892 3445 2010 3501 tot
2043 3429 2464 3531 interpreti·

381 3563 517 3642 bus
556 3582 896 3656 tentato,
974 3583 1084 3655 vt,
1166 3561 1220 3640 fi
1267 3566 1774 3665 musquisque
1812 3587 1907 3639 ex
1961 3566 2050 3638 iis
2087 3562 2467 3648 velvnum

391 3717 676 3776 tantum
714 3699 979 3774 locum
1027 3697 1188 3804 satis=
1227 3695 1668 3790 illustrasset,
1759 3698 1947 3774 nihil
1982 3702 2063 3773 in
2106 3718 2272 3776 toto
2300 3705 2466 3777 Vir-

397 3837 557 3934 gilio
615 3834 1089 3911 obscuritatis
1130 3837 1477 3913 relictum
1526 3832 1707 3927 effe,
1795 3833 1902 3911 sm
1942 3862 2169 3911 vnum
2212 3834 2466 3914 saltem

358 4025 361 4030 -
396 3973 695 4072 quilibet
742 3971 1010 4047 locum
1056 3969 1528 4065 obscurasset,
1582 3979 1662 4047 in
1702 3960 1868 4047 to'to
1908 3971 2126 4048 nobis
2157 3975 2466 4075 Virgilio

393 4107 976 4188 caecutiendum
1001 4104 1146 4183 effe
1186 4109 1417 4185 videri
1461 4109 1795 4187 deberet.
1902 4110 2116 4206 Quos
2162 4110 2469 4211 quidem

393 4271 749 4328 onmes-a
799 4270 938 4325 me
990 4244 1362 4349 perlectos
1408 4241 1632 4340 effe,.
1679 4250 2058 4324 neminem
2098 4270 2144 4322 a
2182 4273 2310 4323 me
2348 4272 2473 4321 ex·
