3075 5114
624 354 769 429 150

1031 353 1662 430 P.V1RG1L11
1723 355 2253 432 MARONIS
2417 341 2422 346 ’

609 540 955 641 Daphnis
986 563 1131 641 ego
1164 538 1514 633 in‘filuis,
1567 544 1743 620 hinc
1779 567 2017 647 vsque
2050 546 2147 619 ad
2180 543 2417 618 sidera
2446 562 2696 637 notu3‚

609 672 939 753 Formofi
979 682 1277 775 pecoris
1334 676 1619 769 custos,
1697 679 2097 756 formosior
2150 679 2322 781 ipse.

708 839 838 885 un.
877 809 1069 886 Tale
1099 831 1315 886 tuum
1345 838 1657 888 carmen
1694 813 1953 907 nobi5‚
2009 814 2268 889 diuine
2296 834 2544 917 poeta,
2601 813 2727 900 45-

743 1005 815 1074 45
852 1003 1021 1056 nahts
1062 1021 1290 1057 carmen
1328 1022 1414 1076 ap.
1453 1005 1692 1059 Probum
1733 1007 2031 1065 Grammnt.
2070 1006 2278 1060 [uanius
2317 1009 2387 1061 ad
2429 1027 2625 1062 aurem.

608 1163 811 1242 'Aiunt'
844 1180 1033 1237 ritum
1075 1169 1402 1238 funebrem
1446 1172 1612 1255 effe:

606 1280 715 1343 red
745 1285 881 1364 quis
914 1300 1057 1340 eum
1087 1265 1342 1363 vsquam
1373 1293 1615 1342 memo-

606 1385 813 1446 rauit?
871 1383 1050 1443 Circa
1082 1383 1390 1443 tumulum
1428 1384 1613 1445 arbo-

606 1508 706 1551 res
740 1485 856 1547 seri
887 1508 1021 1548 mos
1054 1487 1169 1547 fuit
1210 1487 1292 1565 (v.
1337 1505 1390 1545 c.
1432 1486 1607 1547 Iliad.

605 1584 662 1678 ᾧ
701 1592 877 1671 419),
932 1610 1066 1651 non
1094 1610 1244 1652 vero
1275 1591 1434 1650 circa
1468 1589 1609 1652 fon·-

606 1710 715 1756 tes.
804 1694 870 1753 Si
918 1711 1110 1774 porro
1155 1694 1236 1754 de
1282 1691 1607 1756 arboribus

600 1797 914 1882 ponendis
934 1817 1005 1859 ac
1031 1795 1299 1859 serendis
1321 1801 1606 1878 accipias,

603 1900 1148 1976 accommodatum·
1170 1904 1308 1972 erit,
1348 1913 1414 1959 vt
1436 1902 1609 1979 prio-

602 2025 674 2066 re
703 2024 958 2087 quoque
985 2002 1464 2083 locospargere
1491 2000 1609 2058 lau-

606 2127 789 2166 mum
825 2104 1028 2184 foliis
1068 2105 1148 2164 de
1204 2104 1442 2164 satione
1492 2100 1611 2161 flo-

604 2232 747 2271 rum
832 2210 1226 2285 accipiamus.
1379 2201 1610 2262 Firmat

603 2310 767 2372 hanc
793 2313 1101 2369 rationem
1140 2307 1309 2378 locus
1335 2306 1609 2388 Eclogae

602 2415 720 2487 IX,
762 2429 838 2495 19
881 2414 1028 2493 quis
1054 2410 1324 2468 humum
1348 2409 1609 2488 floren·

606 2517 784 2579 cibus
815 2512 1036 2574 herbis
1055 2511 1432 2596 spargeret,
1484 2527 1608 2573 auc

605 2617 817 2681 viridi
827 2619 1067 2700 fontes
1094 2614 1439 2675 induceret
1464 2636 1606 2675 vm-

604 2723 780 2783 bra?
833 2723 1144 2782 Neutrum
1186 2736 1397 2781 tamen
1439 2723 1607 2781 inter

601 2824 874 2890 honores
916 2828 1176 2885 mortuis
1204 2821 1446 2886 habitos
1473 2845 1605 2885 me·

599 2931 830 2991 morari
869 2948 1124 3011 vsquam
1167 2926 1329 2997 vidi:
1386 2948 1605 3011 quam-

599 3054 788 3119 quam
821 3030 899 3091 ad
927 3031 1133 3097 fontes
1177 3045 1243 3091 et
1282 3033 1351 3089 in
1391 3034 1600 3091 viretis

600 3138 754 3200 olim
795 3135 1069 3216 sepulcra
1109 3134 1270 3193 facta
1314 3129 1467 3206 ess'e,
1513 3149 1599 3206 et,

576 3235 874 3320 frondes
883 3238 1102 3317 ferre,
1136 3238 1300 3295 inter
1328 3233 1600 3296 honores

597 3357 666 3403 et.
703 3359 965 3400 munera
1007 3352 1395 3398 mortuorum
1426 3334 1603 3398 habi·-

600 3460 732 3505 tum
776 3438 921 3512 esse,
961 3460 1098 3501 non
1139 3434 1406 3522 ignoro(
1433 3439 1597 3499 conf.

595 3546 806 3607 locum
819 3582 841 3616 ,
911 3544 978 3603 in
1033 3562 1161 3625 quo
1209 3563 1347 3602 cum
1388 3540 1598 3605 nostro

598 3665 824 3723 certat,
864 3643 1218 3707 Nemefiani
1244 3646 1373 3706 Ecl.
1405 3646 1466 3721 1,
1513 3650 1600 3724 64

483 3806 498 3823 ,
595 3752 727 3835 sqq.
830 3748 1038 3823 Nihil,
1104 3748 1279 3832 quod
1333 3748 1412 3809 ad
1462 3769 1597 3809 rem

593 3856 779 3916 faciat
794 3896 816 3928 ,
889 3849 1158 3912 afferunt
1203 3855 1594 3932 interpretes,

593 3978 805 4040 neque
866 3957 1038 4016 locus
1088 3955 1330 4014 Horatii
1390 3955 1594 4013 Carm.

590 4061 703 4134 111,
744 4062 839 4132 15,
875 4081 933 4118 2.
996 4058 1054 4117 O
1085 4057 1225 4118 fons
1251 4054 1593 4118 Bandufiae

502 4171 506 4175 '
592 4196 679 4211 —-
746 4163 952 4221 Dulci
989 4159 1190 4239 digne
1230 4181 1412 4218 mero
1469 4180 1594 4217 neo

569 4262 723 4342 stne
746 4263 1083 4353 floribus-5
1132 4278 1302 4325 recte
1333 4261 1456 4323 huc
1492 4282 1592 4322 re·

1696 1179 1911 1245 fertur.
1997 1175 2265 1240 Videtur
2296 1173 2445 1240 mihi
2479 1202 2575 1240 res
2616 1175 2699 1241 fic

1698 1283 2121 1365 expedienda,
2248 1299 2309 1343 vt
2392 1285 2701 1344 tumulum

1694 1391 1861 1448 iuxta
1905 1388 2148 1449 fontem
2192 1388 2423 1466 factum
2444 1391 2451 1397 '
2472 1386 2698 1447 intelli-

1694 1510 1924 1575 gamus.
2012 1492 2113 1552 Si‘c
2141 1495 2225 1576 in¹
2252 1489 2558 1551 honorem
2588 1490 2698 1549 de·—

1695 1594 1891 1654 functi
1932 1590 2212 1677 pastoris,
2294 1609 2452 1654 noto
2495 1613 2697 1666 more,

1696 1694 1917 1756 humus
1963 1693 2220 1757 floribus
2262 1710 2353 1757 εἰ.
2371 1696 2698 1757 frondibus

1693 1797 1996 1880 spargitur
2046 1785 2119 1857 ac
2177 1802 2334 1858 circa
2389 1800 2697 1859 tumulum

1697 1893 1949 1960 arbores
2004 1899 2302 1958 seruntur.
2410 1900 2697 1960 Incusan·

1696 2003 1810 2063 dus
1878 2017 2090 2062 tamen
2157 2000 2258 2061 vel
2334 2000 2414 2062 fic
2476 2019 2692 2082 poeta,

1693 2105 1867 2188 quod
1943 2105 2023 2164 ad
2084 2101 2317 2163 sensum
2378 2109 2566 2166 animi
2629 2117 2697 2165 ct

1694 2209 1856 2267 oculi
1915 2228 2050 2269 non
2108 2206 2241 2266 satis
2299 2206 2514 2267 diserte
2559 2227 2696 2266 rem

1693 2310 1989 2392 exposuit.
2028 2311 2280 2390 PopiuS,
2311 2307 2692 2392 expreffurus

1692 2412 1867 2486 haec,
1922 2414 2000 2474 ad
2041 2414 2158 2473 alia
2202 2413 2509 2473 delabitur
2535 2412 2693 2489 Pas-

1693 2532 1818 2577 tor.
1848 2517 1958 2593 1V,
1994 2518 2190 2601 21'sq.
2278 2519 2381 2595 45.
2418 2515 2688 2577 Theocr.

1687 2619 1740 2695 1,
1778 2641 1929 2681 120.-
1959 2642 2067 2681 121
2115 2610 2348 2699 Δάφνις
2395 2613 2548 2693 ἐγὼν
2586 2606 2687 2681 ‘o'de

1689 2721 1881 2809 Ῐτῆνος,
1902 2721 1932 2786 o‘
1958 2719 2065 2795 ταὶς
2092 2716 2245 2804 βόας
2274 2704 2382 2785 ωδε
2407 2714 2688 2799 νομεύων,

1688 2821 1984 2907 Adcpusai‘
1955 2851 1983 2890 ο
2016 2849 2130 2896 τως
2156 2818 2383 2909 ταύρεος
2417 2826 2518 2888 καὶ
2547 2817 2687 2906 πὸρ

1686 2952 1818 3000 ποις
1848 2912 1959 2993 ωδε
1990 2927 2311 2997 τοτίσδωνς
2356 2948 2512 3009 quos
2549 2947 2686 2987 ver·
2760 2914 2765 2920 ’

1681 3031 1800 3107 suS,
1832 3052 1973 3093 curn
2001 3032 2196 3091 multo
2221 3035 2521 3090 maiorem
2547 3028 2684 3088 firn-

1681 3136 2021 3217 plicitatem
2065 3132 2372 3201 habeant,
2447 3134 2685 3190 mireris

1682 3239 2037 3321 'virgilianis
2070 3233 2441 3316 posthaberi.
2529 3232 2688 3291 hinc

1685 3362 1890 3425 mque
1920 3328 2013 3399 tid
2022 3335 2257 3414 sidera
2286 3349 2502 3405 notus,
2553 3338 2687 3414 epi-

1687 3465 1823 3505 cum
1870 3441 1989 3517 est,
2060 3461 2181 3499 nec
2240 3444 2308 3497 in
2362 3436 2683 3518 pastoritio

1685 3551 1955 3615 carmine
1993 3543 2130 3604 satis
2164 3543 2413 3623 placere
2458 3536 2679 3620 potest.

1683 3652 1748 3709 Si
1804 3665 2015 3709 tamen
2069 3645 2357 3726 exemplo
2427 3643 2681 3704 defendi

1678 3748 1903 3834 potest,
1941 3749 2111 3832 quod
2140 3768 2276 3809 non
2301 3767 2416 3829 per
2444 3746 2503 3807 se
2533 3769 2678 3827 pro·

1678 3853 1811 3926 beS,
1868 3849 1955 3912 est
1994 3854 2165 3912 locus
2207 3849 2374 3911 haud
2416 3852 2680 3910 multum

1679 3956 1887 4036 dispar
1916 3959 1984 4013 in
1997 3952 2265 4014 Theocr.
2285 3954 2423 4027 VII,
2449 3974 2550 4035 92.
2573 3957 2676 4035 93.

1761 4062 1867 4135 45.
1911 4057 2054 4116 vid.
2078 4055 2343 4124 Theocr.
2374 4058 2436 4132 1,
2478 4080 2500 4117 1
2542 4074 2605 4118 et
2636 4077 2676 4139 7

1678 4175 1795 4221 etc.
1826 4159 1996 4235 VIII,
2029 4161 2302 4239 78—83.
2364 4162 2679 4242 Compara

1675 4263 1944 4345 Pupium
1988 4260 2236 4329 Pallor,
2289 4263 2412 4338 lv,
2465 4271 2674 4341 1—4.
