3075 5114
488 401 499 406 ,
565 317 717 402 254
1130 269 1137 278 ⁶
1229 317 1958 398 ΡΒοοΕΜΙνΜ

557 505 999 579 tractanda
1031 502 1456 606 selegeris,
1532 535 1636 580 ea
1683 537 1974 606 rerum·
1992 511 2230 606 facie
2275 508 2498 611 quasi
2543 535 2647 583 ae

556 631 791 703 vultu
830 655 1081 728 eoque
1124 629 1393 702 colore
1433 631 1887 707 exhibenda
1906 634 2144 733 sunt,
2188 661 2345 736 quo
2385 640 2647 711 maxi-

556 781 688 827 me
739 758 1093 833 niteant,
1184 755 1758 856 hominumque
1817 763 2132 831 animos
2189 762 2306 832 ad
2353 775 2644 859 cogno-

532 879 938 979 scendam
994 902 1164 949 rem
1222 895 1302 949 et
1361 882 2073 981 contemplandam
2140 883 2511 956 alliciant
2566 899 2644 953 et

555 991 918 1076 innitent.
1034 1003 1240 1072 Tum
1272 1003 1800 1102 perspicuitas
1840 1032 1899 1077 a
1933 1006 2246 1087 lucido,
2295 1035 2458 1080 non
2500 1033 2644 1078 au·

538 1111 727 1199 ‘tem
768 1125 1239 1204 dialectico,
1306 1154 1576 1199 rerum
1613 1131 1936 1208 ordine,
1989 1149 2645 1231 argumentorum

560 1251 890 1329 dilectu,
938 1247 1442 1348 dispositione
1475 1269 1555 1323 et
1591 1250 2071 1353 expositione
2116 1257 2234 1327 ad
2277 1261 2645 1329 animum

557 1376 992 1449 tenendum
1038 1378 1710 1457 accommodata,
1753 1375 2214 1476 arceffenda
2253 1376 2381 1476 est.
2498 1381 2643 1450 Te·-

555 1518 747 1574 nent
788 1515 1064 1570 autem
1115 1503 1479 1573 animum
1517 1528 1656 1582 ea,
1705 1529 1917 1602 quae
1948 1531 2112 1576 non
2147 1506 2390 1577 modo
2436 1502 2646 1579 nihil

554 1619 966 1722 molestiae
1020 1628 1098 1695 ei
1152 1644 1468 1708 creant,
1561 1629 1757 1700 dum
1800 1627 2416 1728 cognoscuntur,
2508 1651 2642 1697 ve-

551 1775 737 1823 rum
778 1752 1067 1828 etiam,
1151 1750 1350 1822 dum
1409 1751 1574 1822 leni
1617 1776 1718 1822 ac
1751 1751 2005 1846 facili
2052 1751 2281 1847 cursu
2335 1756 2421 1822 in
2466 1754 2642 1821 ani-

550 1900 777 1947 mum
819 1874 1204 1967 influunt,
1282 1900 1449 1947 non
1493 1874 1836 1945 horrida
1880 1873 2164 1972 aliqua
2213 1900 2316 1945 ac
2359 1878 2640 1945 ieiuna

527 1998 990 2098 subtilitate
1045 1997 1554 2093 exarescant,
1623 1996 1788 2093 sed
1833 2022 1928 2069 eo
1985 2021 2315 2096 corpore
2359 2021 2463 2066 ac
2511 2021 2640 2066 co-

550 2124 725 2197 lore
770 2119 1179 2216 succoque
1241 2118 1563 2217 expleta
1618 2118 1861 2215 sunt,
1958 2145 2119 2220 quo
2184 2120 2303 2192 ad
2364 2117 2640 2217 impel-

551 2245 833 2319 lendos
860 2240 1136 2339 sensus
1170 2238 1472 2335 nostros
1508 2245 2028 2342 animumque
2061 2242 2429 2342 aliquam
2466 2245 2639 2312 vim

552 2364 930 2444 habeant.
1043 2366 1219 2464 Quo
1242 2365 1401 2464 fit,
1457 2381 1550 2438 vt
1589 2369 1675 2436 in
1718 2383 2012 2442 ornatu
2033 2365 2369 2465 summa
2406 2366 2637 2438 liuius

555 2492 931 2573 carminis
957 2484 1217 2588 posita
1249 2489 1660 2562 videatur.
1764 2491 1909 2564 Ad
1944 2508 2321 2564 ornatum
2362 2507 2640 2562 autem

552 2618 840 2696 omnia
884 2611 1585 2710 referenda'sunt,
1679 2639 1864 2687 cum
1912 2643 2052 2696 ea,
2128 2612 2308 2712 fine
2357 2613 2635 2716 quibus

550 2741 695 2815 ille
747 2754 961 2810 recte
1020 2733 1165 2835 effe
1212 2742 1522 2839 nequit,
1616 2738 2045 2812 verborum
2091 2764 2635 2814 numerorum·

548 2892 708 2968 que
745 2856 1007 2942 recta,
1085 2862 1445 2962 elegans,
1504 2889 1607 2935 ac
1637 2862 1928 2962 suauis
1965 2869 2227 2945 ratio,
2298 2882 2472 2938 tum
2516 2888 2636 2934 re-

549 3016 737 3066 rum
777 3003 1576 3088 argumentorumue,
1662 3013 1913 3087 quae,
1989 2990 2214 3089 quod
2258 3003 2636 3062 ornatum

553 3141 840 3215 capere
882 3108 1409 3189 videbantur,
1512 3111 1633 3183 ad
1676 3114 2236 3211 exponendum
2265 3111 2634 3212 seposue-

548 3264 725 3317 ras,
813 3261 916 3307 ea
971 3232 1314 3306 elocutio
1377 3235 1456 3306 Ec
1507 3234 2173 3335 repraesentatio,
2253 3260 2464 3336 quae
2516 3230 2635 3304 ad

551 3365 918 3441 animum
984 3362 1368 3431 continua
1438 3377 1871 3459 gratarum
1939 3386 2250 3438 rerum,
2342 3358 2633 3455 imagi-

550 3511 749 3559 num
785 3507 886 3555 ac
906 3479 1289 3579 sensuum
1333 3481 1868 3582 viciffitudine
1912 3485 2344 3557 tenendum
2384 3503 2634 3580 quam

549 3610 911 3687 maxime
943 3604 1055 3701 fit
1098 3608 1423 3679 idonea.
1553 3608 1792 3708 Quod
1842 3608 2168 3705 quidem
2205 3610 2328 3676 ita
2373 3606 2632 3674 maxi-

550 3758 684 3803 me
758 3725 1054 3829 affequi
1117 3731 1490 3812 videare,
1565 3727 1682 3827 fi,
1779 3733 1877 3802 iis
1943 3719 2324 3831 exceptis,
2421 3752 2634 3828 quae

548 3853 865 3927 nullum
938 3872 1316 3926 ornatum
1395 3857 1873 3935 admittunt,
1980 3872 2058 3927 et
2124 3853 2466 3929 breuiter
2530 3877 2634 3924 ao

528 3976 1003 4078 simpliciter
1066 3982 1545 4079 exponenda
1577 3977 1776 4077 sunt
1788 3985 1828 4057 ,'
1908 3996 2172 4052 cetera
2229 3976 2485 4050 verbis
2529 4002 2634 4049 ao

529 4101 952 4204 sententiis
1033 4101 1594 4203 locupletibus,
1724 4104 2299 4202 variarumque
2364 4128 2634 4174 rerum

530 4222 1151 4339 ,similitudinem
1178 4228 1674 4337 accolerem
1710 4229 2209 4332 inanimum
2247 4252 2634 4305 reuocan-
