3075 5114
577 309 729 386 526
1006 313 1092 387 P.
1136 313 1639 406 v1R01L11
1704 273 2256 426 MAno'ms

575 501 756 572 Non
783 523 902 573 res
933 498 1357 594 Romanae,
1380 504 1889 606 ‘perituraque
1920 525 2182 601 regna3
2222 525 2477 602 neque
2507 499 2653 591 ille,

576 638 730 715 Aut
767 633 1011 708 doluit
1047 635 1394 712 miserans
1438 641 1781 739 inopem,
1842 655 1973 709 aut
2013 636 2287 712 inuidit
2322 636 2654 711 habenti.
2754 665 2759 670 ·

575 772 796 866 Quos
826 776 1009 843 rami
1043 769 1362 861 fructus,
1427 798 1620 873 quos
1663 771 1812 873 ipsa
1857 772 2187 848 volentia
2229 799 2471 870 ruraf
2506 772 2658 872 500
2710 793 2716 802 ·

726 973 830 1043 498
871 990 958 1025 ree
999 973 1290 1025 Cumanae
1329 973 1575 1027 Reizkius
1614 974 1959 1036 emendabat.
2011 974 2066 1028 id
2105 974 2212 1038 est,
2284 977 2544 1030 Armenae
2577 972 2660 1027 vel

581 1056 888 1118 {Parthicam
957 1075 1075 1110 cum
1122 1058 1398 1130 indignum
1428 1075 1614 1131 poeta,
1661 1062 1949 1134 etquidem
1977 1049 2255 1121 Romano.
2305 1059 2393 1122 fit,
2447 1081 2657 1134 tempu-

576 1142 774 1198 blicam
803 1144 1102 1197 Romanam
1138 1152 1393 1215 peritura
1440 1165 1619 1216 regna
1651 1148 1930 1219 appellare.
2002 1149 2144 1201 conf.
2176 1149 2397 1201 Notum.
2476 1147 2660 1201 Simile

579 1229 689 1287 fere
729 1249 953 1284 acumen
990 1231 1277 1301 argutant‘u
1315 1231 1663 1285 Grammatici
1717 1232 1793 1287 est
1845 1234 1986 1307 apud
2032 1233 2295 1287 Rufinian.
2344 1233 2412 1286 de
2462 1232 2655 1289 schem.

577 1319 741 1374 Dian.
775 1333 894 1388 pag.
925 1317 1055 1385 267.
1105 1317 1195 1392 qui
1233 1316 1412 1370 locum
1454 1318 1590 1374 inter
1627 1337 1713 1372 eas
1739 1318 1929 1390 figuras
1958 1320 2142 1382 refert,
2189 1337 2312 1374 cum
2353 1320 2524 1378 dicere
2549 1339 2656 1373 ma·

577 1402 762 1462 nise-ste
800 1420 987 1475 parum
1026 1418 1196 1457 tutum
1235 1400 1338 1464 οὓς
1403 1402 1627 1466 noluiss‘e
1660 1404 1796 1457 adeo
1840 1406 2119 1478 Virgilium
2164 1407 2364 1460 dicere:
2407 1409 2539 1461 Non
2569 1428 2654 1461 res

577 1493 877 1547 Romanae
910 1497 1215 1560 periturae.
1378 1499 1483 1560 499
1520 1491 1794 1563 mast-rans
1847 1509 1948 1552 aut
1997 1513 2116 1548 non
2170 1493 2386 1552 inuidit
2424 1492 2649 1557 zalich„

578 1596 645 1632 ex
681 1573 1108 1649 interpolatione.
1246 1577 1350 1631 500
1389 1577 1654 1631 valentia
1692 1579 1827 1636 Van.

575 1751 804 1815 'domiti
837 1749 993 1825 sunt,
1036 1752 1330 1834 littusque
1372 1747 1581 1812 castel-

575 1857 654 1919 lis
687 1874 751 1919 et
781 1855 942 1916 vallo
982 1858 1290 1928 munitum
1334 1850 1436 1915 est.
1499 1855 1577 1914 cf.
1664 1855 1791 1915 Im'c
1844 1856 2083 1936 (dolet)
2144 1857 2459 1932 miserans
2504 1858 2651 1916 ino-

561 1963 842 2048 ·Sueton.
886 1959 1109 2018 Octau.
1158 1979 1212 2019 c.
1256 1978 1356 2017 21.
1458 1958 1603 2038 (ΣΘ-Ι,
1657 1980 1849 2040 pem,
1903 1973 2027 2017 aue
2066 1954 2310 2016 inuidit
2350 1957 2644 2033 habenti,

1750 1761 1897 1835 499·
1954 1774 2169 1837 neque
2205 1754 2318 1812 ille
2353 1750 2501 1811 Aue
2536 1753 2685 1832 εἰς)οἼ
2800 1819 2807 1822 -

575 2080 780 2125 terum
808 2062 1174 2144 Epicuream
1214 2058 1579 2144 sapientiam

580 2166 660 2228 ab
704 2171 878 2228 omni
920 2162 1242 2246 republica
1291 2161 1577 2226 homines

580 2264 896 2340 auocass'e,
970 2287 1066 2328 res
1107 2263 1195 2328 est
1240 2265 1375 2326 satis
1424 2280 1575 2327 nota

577 2373 679 2435 vel
725 2393 803 2432 ex
845 2370 1162 2432 Ciceronis
1212 2368 1577 2453 disputatio-

574 2474 779 2543 nibus.

704 2682 854 2763 498.
943 2679 1253 2762 peritura
1342 2697 1575 2758 regna,

576 2808 742 2877 quae
798 2798 1104 2868 pereunt,
1170 2779 1434 2861 afflicta3
1505 2787 1574 2842 in

572 2888 791 2975 prosa:
909 2909 1248 2973 regnorum
1329 2889 1570 2958 ruinas,

577 2991 951 3066 euerfioneS,
1011 2994 1290 3052 interitus
1336 2990 1425 3049 nil
1471 3010 1573 3049 cu-

575 3115 711 3180 rat;
774 3112 931 3182 quot
971 3099 1140 3155 enim
1195 3112 1389 3175 regna
1439 3111 1576 3152 non

573 3202 750 3262 fuere
822 3198 1054 3259 sublata
1132 3216 1167 3257 a
1243 3197 1572 3256 Romanis!

575 3324 684 3362 res
738 3305 1084 3361 Romanae
1135 3294 1577 3383 intelligendae

581 3402 1021 3467 viciffitudines
1067 3418 1130 3463 et
1172 3402 1422 3463 fortuna
1463 3405 1580 3461 im-

573 3512 736 3592 perii
779 3508 1069 3568 Romani.
1167 3506 1326 3565 Sunt
1371 3520 1574 3566 autem

577 3611 735 3673 haec
766 3609 1234 3670 accommodate
1264 3608 1342 3668 ad
1375 3607 1577 3692 hypo-

575 3713 776 3779 thesin
804 3715 1076 3795 Epicuri,
1128 3727 1192 3772 et
1235 3716 1396 3772 intra
1443 3716 1575 3782 eius

575 3820 800 3903 placita
857 3810 1235 3896 accipienda.
1322 3816 1578 3901 Alioqui

574 3928 783 3998 enim,
829 3927 894 3982 in
938 3926 1074 3980 ciue
1102 3921 1417 3990 Romano,
1460 3924 1577 3980 im-

571 4029 747 4108 pium
798 4023 917 4086 hoc
971 4038 1033 4083 et
1082 4022 1436 4084 sceleratum
1477 4024 1574 4085 fo·

571 4144 704 4203 ret.
787 4127 1165 4211 reipublicae
1212 4127 1440 4194 sortem
1479 4128 1575 4192 nil

574 4251 810 4313 entare.

1660 2081 1795 2124 non
1826 2062 2046 2122 duritie
2088 2077 2152 2121 et
2182 2061 2409 2121 ferocia
2440 2064 2649 2134 animi,

1662 2181 1769 2226 aut
1828 2167 2032 2225 Stoica
2106 2164 2310 2246 aliqua
2381 2163 2649 2245 apathia,

1661 2288 1822 2352 quae
1864 2267 2064 2341 male,
2135 2288 2172 2327 a
2212 2268 2430 2328 Seruio
2478 2270 2649 2343 inde,

1660 2369 1781 2432 huc
1810 2370 2170 2442 aduocatur,
2229 2369 2335 2431 sed
2378 2392 2499 2432 nec
2543 2372 2652 2433 do-

1657 2473 1747 2535 let
1799 2494 1917 2534 nec
1974 2473 2253 2547 inuidet,
2349 2474 2521 2557 quod
2584 2479 2652 2535 in

1659 2598 1809 2662 agro
1845 2594 2123 2643 remotus
2167 2576 2246 2639 ab
2290 2583 2463 2639 omni
2504 2599 2655 2658 pau-

1655 2701 1876 2762 perum
1950 2682 2188 2742 miseria
2265 2696 2331 2741 et
2395 2682 2652 2741 diuitum

1656 2785 1804 2844 luxu
1859 2807 1933 2845 ac
1997 2783 2153 2846 fastu
2223 2790 2493 2845 animum
2567 2782 2645 2843 ab

1659 2892 1834 2948 omni
1885 2887 2353 2970 perturbatione
2395 2905 2689 2948 vacuum*

1660 2989 1890 3053 habere
1941 2988 2158 3073 potest.
2261 2991 2526 3073 Copiose
2580 2991 2652 3050 il-

1656 3091 1868 3155 lustrat
1892 3095 2100 3157 locum
2124 3098 2333 3155 Burm.
2398 3096 2650 3155 Docent

1661 3194 1783 3257 hoc
1823 3200 2291 3260 antecedentia:
2361 3218 2498 3256 non
2529 3218 2649 3278 po„

1652 3301 1802 3384 puli
1829 3301 2057 3381 fasces
2100 3316 2254 3375 etc.,
2332 3322 2521 3384 quos,
2582 3305 2652 3359 in

1662 3424 1810 3485 agro
1852 3407 1960 3486 qui
2006 3405 2209 3487 degit,
2282 3425 2417 3465 non
2461 3403 2649 3476 videt,

1659 3507 1929 3590 ideoque
1962 3528 2082 3568 nec
2112 3523 2315 3578 curat,
2378 3512 2513 3590 quis
2552 3507 2654 3565 illa

1660 3609 1884 3692 opibus
1925 3609 2040 3672 suis
2079 3625 2145 3671 et
2175 3608 2408 3676 artibus
2442 3608 2653 3672 conse-

1660 3729 1900 3798 quatur.

1769 3922 1896 3984 500
1934 3951 2024 3970 --
2062 3917 2210 3984 503.
2299 3921 2655 3981 Praeiuerat

1656 4025 1899 4085 Lucret.
1960 4025 2056 4096 V,
2120 4026 2245 4104 935
2344 4026 2652 4103 (notante

1657 4126 1933 4188 Macrob.
1967 4126 2055 4186 VI
2068 4169 2087 4198 ‚
2130 4149 2153 4188 1
2191 4131 2380 4207 extr.)
2458 4124 2658 4207 Quod

1635 4230 1757 4314 sol
1782 4246 1985 4317 atque
2015 4231 2259 4294 imbres
2299 4229 2652 4301 dederant,
