3075 5114
606 327 746 431 189
921 397 926 402 ,
1009 319 1094 420 Ρ.
1139 319 1642 396 v1no1m1
1702 320 2232 398 MARONIS

599 512 955 609 Coniugis
1003 505 1315 606 indigno
1355 506 1571 584 Nisae
1624 509 1988 612 deceptus
2044 535 2303 586 amore

596 650 807 722 Dum
836 667 1136 745 queror,
1170 660 1245 717 et
1273 643 1514 734 diuos,
1557 670 2016 747 quamquam
2044 645 2152 719 nil
2190 642 2489 719 testibus
2526 642 2670 719 inis

598 747 922 870 Proieci,
945 796 1278 852 extrema
1306 783 1636 852 moriens
1656 797 1911 853 tamen
1936 781 2312 882 adloquor
2329 780 2539 854 hora.
2574 805 2679 858 20,

601 921 861 1016 Incipe
912 881 1329 987 Maenalios
1371 937 1705 1004 mecum,
1773 941 1946 1006 mea
1986 915 2201 1007 tibia,
2266 912 2531 987 versus·

599 1047 996 1164 Maenalus
1037 1064 1534 1147 argutumque
1588 1055 1853 1121 neruus
1893 1053 2275 1151 pinosque·
2306 1047 2689 1156 loquentig

606 1187 921 1290 Semper
946 1181 1178 1255 habet
1195 1210 1215 1271 ;
1256 1180 1545 1281 semper
1568 1181 1947 1283 pastorum
1977 1184 2103 1259 ille
2131 1183 2339 1255 audit
2371 1209 2684 1278 amoreS,

606 1324 1008 1421 Panaque,
1067 1318 1200 1418 qui
1237 1321 1520 1417 primus
1563 1317 1889 1394 calamos
1932 1345 2092 1391 non
2128 1316 2367 1420 paffus
2408 1323 2685 1394 inertis.

755 1539 819 1594 ¹9
857 1537 1063 1594 queror
1089 1517 1170 1571 ad
1197 1517 1367 1572 diuos
1392 1515 1589 1574 Mureti
1618 1536 1831 1593 quartus
1848 1561 1864 1583 .
1915 1517 2005 1574 sed
2030 1518 2101 1575 fic
2128 1516 2319 1591 copula
2348 1519 2684 1574 desideratur.

612 1629 680 1665 20
719 1622 1025 1661 extremam
1068 1602 1213 1658 Gud.
1314 1605 1605 1676 adloquar
1642 1609 1789 1660 Leid.
1831 1627 1908 1680 pr.
1948 1606 2168 1660 Mentel.
2213 1626 2291 1680 pr.
2339 1622 2391 1660 et
2429 1605 2622 1660 Medic.
2657 1618 2690 1658 α

610 1717 690 1769 pr.
739 1713 808 1745 m.
896 1687 1003 1745 Vss‘.
1041 1707 1117 1762 19.
1147 1708 1217 1743 20
1280 1689 1466 1745 iterum
1511 1693 1754 1764 leguntur
1795 1693 1850 1744 in
1890 1690 2000 1744 Ciri
2028 1695 2146 1756 405.
2182 1695 2302 1760 406.
2461 1710 2521 1745 21
2562 1707 2691 1743 mea

598 1779 809 1854 fistula
843 1774 1062 1837 Mentel.
1106 1794 1186 1847 pr.
1240 1777 1386 1848 quod
1429 1781 1595 1847 magis
1632 1777 1961 1849 pastoritium
2004 1774 2144 1829 esset.
2309 1793 2376 1828 22
2410 1784 2690 1847 pinusque

612 1881 718 1918 tres
756 1882 838 1935 ap.
883 1861 1062 1916 Heius.
1149 1863 1417 1932 lucosque
1457 1863 1666 1942 zulich.
1745 1872 2025 1932 pinosque
2062 1862 2348 1931 spuentes
2389 1861 2584 1914 Medic.
2626 1880 2689 1915 ex

615 1949 729 2003 Ecl.
747 1950 815 2010 X,
837 1950 922 2008 28,
963 1946 1033 1999 vti
1058 1945 1239 1998 Burm.
1273 1945 1584 2016 suspicatum
1623 1945 1842 2000 illustrat
1867 1949 2165 2013 loquentes
2190 1944 2370 2000 Heinr.
2486 1956 2554 2014 24
2572 1955 2688 2018 prt-

612 2053 764 2088 mum
801 2030 998 2084 Medic.
1039 2028 1144 2082 vid.
1169 2029 1280 2081 Ecl.
1315 2032 1382 2092 11,
1416 2033 1501 2085 32.
1576 2050 1692 2083 non
1718 2047 1775 2102 p.
1817 2029 2068 2103 agrestes
2090 2030 2303 2100 Menag.
2341 2044 2420 2102 pr.

614 2203 817 2271 Idae,

623 2308 807 2366 Seru.
859 2303 1159 2384 Vigilarat
1185 2323 1334 2362 vero
1364 2319 1618 2364 noctem

620 2406 802 2468 miser
830 2419 1084 2464 amator.
1155 2401 1332 2462 diem
1369 2405 1615 2466 almum

619 2524 688 2571 vt
707 2508 824 2567 lux
850 2507 1033 2567 alma
1055 2508 1210 2568 Aen.
1229 2506 1279 2582 I,
1300 2507 1427 2572 306
1458 2529 1617 2591 quae

620 2625 900 2674 recreat:
943 2610 1047 2671 vbi
1070 2632 1127 2671 v.
1195 2612 1288 2675 18.
1308 2612 1620 2691 Coniugis

607 2713 818 2795 -simpl,
862 2718 1112 2774 amicae.
1178 2713 1254 2774 cs.
1312 2714 1453 2774 inst·-
1514 2718 1617 2779 66.

531 2888 544 2897 .
619 2817 751 2878 Ecl.
798 2815 908 2887 VI,
943 2820 1044 2877 52.
1114 2818 1270 2877 Aen.
1315 2817 1425 2890 IV,
1470 2820 1617 2881 536.

619 2917 900 2998 indigno
944 2938 1198 2987 amore,
1261 2916 1319 2979 h.
1355 2920 1618 2999 perfidO,

624 3043 751 3107 quo
812 3026 941 3082 eius
1012 3019 1163 3082 fides
1230 3020 1417 3102 digna
1484 3042 1621 3082 non

909 2200 1347 2282 Ducebacque
1422 2200 1607 2261 diem.

623 3142 787 3193 erat:
857 3123 1145 3205 adeoque
1198 3143 1316 3203 pro
1370 3124 1639 3202 puellae„

618 3222 924 3310 perfidia?
1017 3246 1111 3304 ¹9·
1161 3221 1425 3303 eqllibus
1467 3226 1621 3294 illis,

621 3328 700 3392 ab
738 3332 965 3400 amica,
1004 3326 1169 3399 Nisa,
1215 3325 1393 3407 saepe
1426 3332 1622 3388 emori

618 3426 903 3492 testando
943 3442 1051 3488 aut
1082 3429 1481 3489 iureiurando
1514 3450 1621 3491 vo-

621 3534 787 3593 catis.
912 3550 1013 3591 2ο.
1072 3527 1404 3611 adloquor
1450 3536 1623 3593 incu-

613 3632 792 3696 sandi
845 3652 953 3692 eos
1014 3628 1248 3691 cauffa:
1339 3623 1620 3758 {1¹07va

612 3728 873 3818 φροίσδει
936 3726 1149 3806 πάνθ’,
1238 3722 1410 3800 ἅλιον
1463 3762 1618 3817 appu

614 3829 916 3900 δεδύκεινε
1001 3833 1272 3898 Theocr.
1333 3838 1401 3913 1,
1475 3861 1615 3914 102,

601 3957 775 4020 quae
823 3936 968 3999 hinc
1009 3936 1285 4001 illustres.
1370 3960 1617 4022 queror

611 4038 774 4098 deos
832 4055 901 4098 ec
963 4042 1275 4125 alloquor
1342 4045 1613 4126 iungunt

611 4141 734 4203 alii.

646 4262 795 4304 21.
840 4240 1064 4318 Ἶρι-[ηε
1106 4248 1486 4323 intercalaris
1527 4248 1610 4312 ad

1693 2206 2108 2263 imitationem
2159 2200 2425 2264 Theocr.
2470 2202 2535 2276 1,
2584 2205 2685 2282 64.

1700 2304 1779 2378 11,
1819 2326 1891 2385 ¹7
1923 2320 2040 2365 etc.
2088 2303 2317 2364 factus:
2372 2308 2438 2362 in
2479 2323 2556 2364 eo
2598 2308 2694 2364 in-

1700 2406 2098 2488 terponendo
2130 2427 2260 2467 non
2292 2422 2525 2466 certum
2557 2428 2695 2468 ver-

1688 2508 1871 2570 -suum
1913 2529 2239 2571 numerum
2270 2508 2466 2568 seruat
2491 2509 2691 2571 Maro.

1698 2614 2077 2673 Maenalios
2115 2612 2309 2671 intell.
2342 2610 2689 2683 Arcadicos,

1699 2711 2066 2797 pastoritios,
2108 2715 2318 2796 quales
2365 2733 2399 2772 a
2441 2712 2695 2794 pastori·-

1702 2814 1816 2877 bus
1860 2822 1998 2878 cani
2040 2816 2200 2877 soliti
2236 2820 2303 2876 in
2345 2833 2556 2878 moute
2581 2819 2697 2877 Ar-

1704 2918 1953 2994 cadiae,
1991 2918 2322 2997 Maena103
2376 2921 2538 2981 vnde
2566 2919 2693 3004 sqq.

1700 3021 1901 3083 versus
1933 3030 2212 3100 22-24
2239 3020 2506 3097 subiicit,
2547 3044 2695 3084 nam

1700 3127 1770 3184 in
1851 3123 2146 3185 Maenalo
2237 3126 2401 3183 inter
2479 3130 2696 3206 pineta

1702 3223 2013 3307 pastorum
2071 3228 2339 3284 carmina
2391 3224 2697 3310 ipsiusque

1701 3330 1882 3388 Panis
1917 3324 2148 3387 assiduo
2196 3326 2545 3387 audiuntur.

1811 3451 1912 3491 22.
1977 3432 2304 3511 pinosque
2347 3428 2696 3509 loquentis,

1701 3532 1869 3594 idem
1942 3532 2113 3616 quod
2178 3544 2495 3610 argutae,
2587 3547 2696 3596 aut

1701 3652 1892 3698 vento
1940 3636 2236 3706 sonorae,
2307 3632 2425 3692 vid.
2486 3632 2694 3695 Heius.

1703 3739 1783 3798 ed
1815 3736 1873 3798 h.
1908 3738 1948 3798 l.
1980 3738 2055 3797 cf.
2089 3735 2218 3797 Ecl.
2273 3733 2411 3808 VII,
2459 3755 2511 3795 1.
2564 3751 2691 3812 aut,

1701 3839 1871 3923 quod
1958 3862 2097 3901 cum
2174 3840 2393 3898 Seruio
2470 3837 2693 3900 melius

1695 3940 1953 4017 statuae,
2036 3942 2396 4005 resonantes
2469 3955 2688 4015 cantu,

1694 4060 1955 4127 propter
1995 4044 2121 4129 sqq.
2172 4046 2445 4127 semper
2475 4042 2694 4126 pasto-

1694 4167 1841 4206 rum
1923 4148 2037 4207 ille
2122 4147 2320 4208 audit
2406 4167 2686 4208 amores.

1695 4258 1798 4330 24.
1839 4271 1973 4311 non
1999 4252 2223 4339 psffts
2268 4254 2512 4312 inertes
2543 4248 2686 4325 esse,
