3075 5114
599 366 1291 442 GEORGICON
1332 367 1532 440 Lm.
1583 368 1689 458 11,
1732 366 1973 465 ¹96-
2002 391 2152 466 207
2309 368 2456 454 455

375 562 661 659 Exigua
718 575 1010 631 tantum
1059 554 1347 658 gelidus
1397 581 1519 629 ros
1576 574 1805 630 nocte
1856 575 2197 656 reponet.
2316 594 2323 601 ·

372 699 602 794 Nigra
645 692 806 768 fere
847 711 924 767 et
971 690 1213 793 preffo
1261 694 1557 792 pinguis
1605 687 1735 764 sub
1785 716 2095 775 vomere
2139 710 2359 783 terra,
2484 668 2491 671 ³

371 834 466 903 Et
494 833 619 903 cui
642 846 864 930 putre
889 826 1122 901 solum
1143 835 1502 926 (namque
1526 824 1680 900 hoc
1704 830 2084 900 imitamur
2110 829 2449 924 arando),

375 966 707 1066 Optuma
775 962 1204 1038 frumentis:
1301 986 1462 1035 non
1525 961 1680 1034 vllo
1744 987 1838 1036 ex
1899 987 2234 1065 aequore
2290 991 2453 1040 cer·

1612 1121 1749 1171 nes
2296 1100 2448 1175 205

372 1233 597 1307 Plura
646 1231 960 1306 domum
1002 1231 1232 1306 tardis
1281 1207 1654 1306 decedere
1704 1227 2025 1332 plaustra
2073 1237 2453 1312 iuuencis:

373 1370 559 1462 Aut,
655 1366 856 1441 vnde
909 1370 1139 1441 iratus
1190 1363 1449 1440 filuam
1490 1364 1796 1469 deuexit
1848 1386 2120 1461 arator,

427 1588 430 1595 .
508 1564 611 1600 202
651 1552 874 1618 reponit
895 1544 1095 1599 Medic.
1169 1558 1411 1614 reponat
1449 1541 1707 1598 Rottend.
1746 1558 1863 1598 tert.

374 1632 538 1687 tribus
584 1648 637 1686 et
677 1632 845 1687 Goth.
887 1651 965 1704 pr.
1058 1650 1131 1684 ex
1171 1630 1404 1685 Gudian.
1496 1638 1703 1702 plagas
1740 1630 1939 1684 Medic.

2013 1547 2119 1601 203
2156 1562 2212 1601 σε
2251 1547 2393 1604 abest
2419 1568 2451 1604 a

2091 1643 2195 1700 204
2242 1636 2317 1688 Vt
2359 1645 2454 1690 cut

374 1720 523 1773 Seru.
551 1735 602 1773 et
621 1718 904 1788 Philargyr.
933 1716 1001 1769 ad
1016 1720 1136 1772 263.
1211 1716 1306 1771 hic
1333 1715 1517 1788 fragm.
1548 1717 1743 1770 Moret.
1815 1723 2110 1769 imitantur
2133 1719 2347 1791 Menag.
2367 1741 2447 1791 pr.

374 1804 628 1860 Rottend.
661 1822 713 1859 et
740 1805 938 1858 Moreti
970 1824 1048 1876 pr.
1085 1822 1116 1856 a
1156 1821 1226 1856 m.
1269 1821 1348 1873 pr.
1434 1809 1694 1856 imitatur
1716 1800 1912 1855 Medic.
1943 1818 1973 1853 a
1999 1820 2069 1854 m.
2098 1822 2177 1877 pr.
2220 1820 2271 1857 et
2298 1805 2444 1861 Voss'.

374 1893 454 1947 lo.
499 1891 773 1943 Schrader.
816 1888 1050 1943 tentabat
1069 1909 1083 1941 =

379 2138 522 2179 ποι.
570 2136 713 2178 202.
786 2137 906 2199 per
947 2133 1200 2179 noctem
1240 2117 1371 2179 suc-

376 2220 603 2280 crescit.
686 2241 816 2290 ros,
858 2235 1171 2306 tamquam
1204 2219 1371 2281 caus-

374 2321 437 2384 sa
491 2322 846 2385 fertilitatis:
943 2325 1108 2386 vnde
1167 2320 1368 2406 θῆλυς

373 2426 583 2510 ἐέρση.
636 2449 694 2488 v.
739 2448 789 2488 c.
840 2427 1070 2488 Graeu.
1118 2427 1198 2487 ad
1241 2428 1369 2487 He-

371 2518 520 2589 fio'd.
572 2530 670 2589 Sc.
728 2531 807 2591 Η.
855 2533 1000 2613 395.
1115 2532 1369 2593 Poetica

317 2613 328 2642 ⁸
374 2632 627 2716 quidem
659 2633 1137 2714 amplificatione
1185 2634 1367 2710 dicta,

379 2755 499 2796 nec
529 2750 740 2797 tamen
778 2755 816 2796 a
855 2757 1004 2798 vero
1041 2739 1231 2820 plane
1263 2737 1370 2798 ab·

375 2834 708 2900 horrentia.
754 2838 827 2900 cf.
872 2835 1032 2900 Plin.
1063 2840 1279 2915 XVII,
1323 2850 1367 2921 4

374 2958 522 3002 extr.
607 2942 709 3003 De
741 2943 983 3024 Campo
1011 2943 1250 3005 Roseae
1287 2945 1368 3007 ad

373 3044 604 3105 Lacum
632 3046 929 3106 Velinum
970 3067 1028 3106 v.
1070 3046 1243 3107 Seru.
1288 3047 1368 3107 ad

371 3148 528 3208 Aen.
569 3148 709 3221 VII,
749 3170 894 3231 7¹²·
952 3148 1199 3212 Cluuer.
1227 3151 1365 3211 Ital.

370 3264 497 3310 ant.
543 3272 606 3332 p.
637 3255 784 3332 679.
863 3283 868 3288 ·

309 3385 314 3388 ·
459 3356 841 3417 203—211.
911 3354 1198 3417 Tandem
1254 3354 1367 3415 hu-

365 3476 501 3516 mus
531 3457 702 3539 pulla
732 3456 837 3518 seu
864 3461 1062 3541 nigra,
1095 3462 1364 3543 pinguis,

369 3575 433 3619 et
466 3564 723 3643 punis,
794 3559 856 3621 h.
908 3561 1208 3635 resoluta,
1276 3577 1367 3622 te·

367 3681 539 3736 nera,
586 3663 871 3748 adeoque
905 3662 1129 3724 solibus
1159 3678 1223 3726 et
1252 3667 1367 3723 im-

368 3762 580 3827 bribus
625 3766 1060 3849 penetrabssis,
1120 3769 1217 3846 (v.
1251 3767 1370 3829 Ge.

366 3867 431 3941 1,
476 3877 563 3948 44
603 3886 666 3931 et
709 3871 819 3933 inf.
868 3874 1009 3936 262.
1056 3873 1217 3940 263:
1291 3867 1372 3954 γῆ

367 3969 551 4053 nami.
584 3967 802 4056 κούφη,
843 3966 1066 4057 Aea-n),
1106 3962 1365 4055 εὔυδρος,

370 4070 658 4156 εὖδίοδος)
758 4097 974 4159 agrum
1044 4075 1367 4135 frumentis

367 4173 635 4238 serendis
704 4178 1006 4239 idoneum
1085 4175 1363 4260 praebet.

365 4279 675 4342 Arationis
717 4276 1040 4342 confilium
1102 4280 1188 4343 est
1245 4278 1366 4342 hoc

1152 1898 1438 1943 rimamur.

377 1980 477 2033 206
503 1975 794 2031 ducedere
819 1976 1003 2047 fragm.
1021 1977 1213 2031 Moret.
1281 1973 1625 2045 descendere
1650 1992 1780 2028 vaus
1806 1972 1987 2028 Mead.

1626 1888 1732 1943 205
1771 1906 1887 1940 non
1927 1888 2086 1940 nullo
2138 1889 2446 1965 cantabrig.

2106 1992 2209 2045 207
2237 1976 2450 2036 delecte

1451 2113 1686 2197 ipsum,
1741 2129 1838 2189 vt,
1900 2135 2063 2199 quae
2102 2130 2265 2179 terra
2311 2122 2448 2184 talis

1452 2236 1588 2278 non
1656 2213 1762 2290 sit,
1842 2218 2038 2302 glebis
2107 2220 2312 2284 fractis
2378 2246 2452 2287 ae

1454 2323 1848 2381 comminutis
1898 2326 2067 2403 putri
2107 2322 2313 2388 fimilis
2361 2331 2450 2390 ef-

1449 2421 1710 2485 ficiatur.
1809 2425 1974 2487 conf.
2050 2426 2170 2488 loc.
2259 2430 2453 2493 Colu-

1450 2526 1675 2588 mellae
1705 2526 1785 2602 V,
1829 2535 1894 2608 4,
1944 2548 2001 2594 2.
2064 2544 2129 2591 et
2171 2531 2451 2598 Dickson

1450 2652 1518 2711 p.
1558 2632 1675 2710 148
1704 2629 1788 2714 sq.
1873 2631 2051 2702 Idem
2080 2633 2323 2697 Colum.
2358 2638 2451 2698 di·

1450 2732 1608 2795 serte
1666 2731 1727 2793 h.
1781 2735 1824 2795 l.
1883 2739 2318 2818 interpretatus
2363 2738 2452 2801 est

1449 2837 1533 2910 X,
1568 2856 1605 2916 7
1650 2837 1930 2915 Pinguia·
1972 2858 2160 2917 ager,
2212 2857 2450 2924 putres

1446 2939 1715 3018 glebas,
1783 2941 2204 3024 resolutaque
2256 2958 2450 3022 terga

1458 3043 1593 3126 Qui
1624 3045 1821 3120 gerit,
1881 3059 1948 3104 et
1974 3042 2194 3125 foffus
2229 3049 2447 3125 graci-
2552 3061 2555 3064 '

1454 3146 1574 3205 leis
1611 3137 1920 3206 imitatur
1957 3167 2218 3208 arenas.
2322 3151 2451 3211 Lo·

1454 3269 1592 3308 cum
1628 3264 1772 3309 ante
1809 3251 2022 3312 oculos
2063 3249 2337 3313 habuere
2380 3256 2451 3317 in

1449 3352 1668 3413 iisdem
1715 3358 2063 3434 praeceptis
2106 3356 2452 3419 condendis

1454 3455 1699 3516 Colum.
1731 3456 1811 3531 11,
1846 3478 1905 3531 2,
1936 3464 2000 3536 4,
2060 3472 2123 3519 et
2154 3459 2235 3520 de
2263 3465 2448 3542 nigro

1454 3558 1666 3619 colore
1695 3562 1747 3636 §.
1784 3568 1862 3639 ¹4
1888 3557 2015 3643 sqq.
2055 3561 2213 3622 Plin.
2243 3563 2448 3638 XVII,

1450 3667 1518 3739 4,
1565 3660 1606 3721 s.
1649 3665 1710 3726 3.
1759 3663 1989 3725 Pallad.
2023 3662 2129 3726 lib.
2157 3664 2218 3738 1,
2264 3669 2354 3725 tit.
2384 3669 2447 3729 5.

1457 3762 1671 3824 eat-dtis·
1730 3780 1794 3827 et
1846 3780 2104 3828 naturae
2146 3767 2339 3829 boum
2384 3783 2453 3829 et

1456 3871 1662 3928 oneris
1708 3873 2070 3945 notionem,
2162 3873 2453 3954 adeoque

1450 3967 1735 4052 plaustri,
1792 3994 1919 4055 quo
1960 3973 2341 4034 frumentum
2373 3995 2451 4034 ex

1453 4082 1603 4156 ag‘ro
1647 4075 2008 4152 deuehitur,
2078 4078 2452 4163 magnitudi-

1448 4196 1598 4238 nem
1627 4177 1908 4264 suggerit.
1990 4201 2242 4262 207·21
2262 4203 2312 4242 1.
2343 4182 2452 4243 Al·

1448 4296 1650 4342 terum
1681 4299 1877 4365 genus
1921 4288 2052 4366 agri
2084 4281 2450 4346 frumentoss
