3075 5114
605 326 756 401 622

1034 323 1118 395 P.
1160 322 1650 419 vinoun
1713 324 2247 400 MARoms

605 508 831 588 Pasce
864 509 1022 587 sero
1059 516 1346 613 pingui.
1447 514 1880 613 Numquam
1919 508 2348 587 custodibus
2390 509 2536 584 illis

605 653 1082 724 Nocturnum
1121 646 1415 721 stabulis
1460 644 1739 739 furem,
1789 646 2274 747 incursusque
2310 647 2696 748 luporum,'

603 787 758 861 Aut
798 789 1184 885 inpacatos
1222 808 1267 854 a
1306 801 1515 882 tergo
1553 782 1891 857 horrebis
1922 782 2270 857 Hibero&

604 924 849 1021 Saepe
889 924 1114 991 etiam
1156 915 1368 992 cursu
1413 918 1718 992 timidos
1761 918 2463 1018 agitabis-onagros,

605 1061 701 1132 Et
729 1054 1036 1130 canibus
1059 1051 1422 1153 leporem,
1466 1053 1778 1127 canibus
1803 1053 2173 1130 venabere
2199 1051 2478 1126 damas.
2538 1063 2694 1137 4ιο

605 1192 852 1290 Saepe
891 1186 1299 1262 volutabris
1338 1186 1586 1288 pulsos
1627 1186 2071 1264 filuestribus
2114 1214 2337 1290 apros
2442 1280 2447 1285 .

609 1329 918 1431 Latratu
963 1323 1297 1398 turbabis
1341 1349 1602 1424 agens,
1658 1331 2091 1428 montisque
2128 1350 2268 1426 per
2298 1321 2492 1399 altos

745 1554 848 1617 407
889 1543 1189 1615 cursusque
1211 1541 1360 1595 Leid.

611 1740 657 1772 v.
688 1721 867 1773 Burm.

614 1804 876 1859 dammas
928 1801 1158 1857 scribunt
1201 1800 1320 1863 alii,

610 1889 872 1945 Rottend.

1497 1545 1602 1611 408
1642 1543 1979 1615 indignatos
2014 1541 2212 1596 Medic.
2259 1561 2289 1594 ι
2327 1563 2399 1596 m.
2428 1563 2542 1616 pr„
2579 1564 2691 1599 mo-

611 1631 815 1687 moriae
844 1632 989 1686 vitio.
1062 1630 1405 1698 implacatus
1430 1629 1569 1682 Ven.
1600 1629 1699 1683 Ed.
1725 1629 1863 1683 Ven.

946 1715 1192 1769 tumidos
1223 1734 1353 1769 vous
1382 1715 1631 1768 Arundel.

1416 1801 1541 1854 binc
1578 1800 1821 1854 damnas
1860 1803 2040 1855 Franc.

1985 1642 2090 1698 409
2127 1638 2362 1700 onagris
2384 1631 2568 1693 Leid„
2602 1633 2695 1687 sed

1783 1725 1888 1783 410
1928 1717 2147 1787 lepores
2187 1713 2333 1769 Tou.
2367 1718 2695 1779 et'Parrhas‚

2204 1812 2301 1872 4¹¹
2355 1802 2529 1872 pulsu·
2566 1806 2699 1859 alter

1033 1896 1136 1956 4¹²
1179 1888 1434 1940 turbabis
1499 1908 1671 1961 agros
1729 1904 2056 1955 montesque
2108 1906 2212 1957 per
2275 1889 2428 1942 aleos
2469 1890 2697 1953 Medic..

610 1975 768 2031 male.
810 1973 914 2031 vid.
955 1974 1091 2030 Not.
1138 1973 1280 2028 couf-
1325 1974 1506 2027 Burm.
1607 1975 1839 2028 terrebis
1874 1976 2166 2029 Romanus.

616 2170 941 2231 venationi
975 2183 1107 2228 tum
1146 2187 1404 2253 gregum
1439 2185 1620 2228 curae

624 2260 1123 2334 adhiberi'soliti.
1224 2275 1372 2351 406.
1414 2272 1622 2349 Pasce

604 2373 770 2452 sero
795 2375 1053 2455 pingui.
1139 2362 1440 2455 Expreffit
1479 2373 1541 2434 h.
1575 2375 1616 2435 l.

621 2460 973 2536 Nemesian.
1003 2477 1239 2561 Cyneg.
1277 2479 1414 2557 159.
1464 2479 1620 2536 Gra-

619 2584 744 2641 tius
777 2580 1012 2665 Cyneg.
1042 2584 1189 2661 307.
1300 2583 1446 2659 408.
1493 2581 1619 2640 Eo-

619 2683 803 2760 dem,
862 2705 1049 2768 quem
1094 2682 1272 2764 saepe
1314 2687 1434 2743 iam
1463 2683 1620 2743 vidi-

624 2806 794 2861 mus,
858 2802 1188 2869 poetarum
1229 2807 1404 2848 more
1449 2808 1619 2848 com-

625 2893 838 2963 muni,
902 2910 1023 2971 pro
1066 2909 1442 2974 quocunque
1486 2890 1620 2951 abi-

624 3012 748 3076 geo
781 3007 841 3052 et
874 2993 1193 3074 praedone
1237 2996 1368 3078 (qui
1402 2991 1618 3055 Hesio·

626 3095 714 3155 do
780 3090 1161 3179 ἡμερόκοιτος
1225 3091 1370 3181 ἆνὴρ
1425 3097 1467 3157 l·
1523 3100 1649 3186 c·),

624 3197 888 3258 Iberum
919 3197 1141 3279 posuit,
1184 3203 1330 3283 quia
1360 3219 1436 3260 ea
1464 3217 1617 3282 gens

626 3304 861 3381 rapinis
891 3315 953 3361 et
991 3301 1491 3384 praedationibus
1523 3305 1618 3361 in-

624 3401 825 3477 famis,
857 3406 1134 3484 inprimis
1166 3423 1304 3465 cum
1332 3404 1617 3465 nondum

625 3503 763 3567 fatis
787 3505 1155 3587 *perdomita
1197 3503 1387 3578 effen
1465 3504 1613 3568 hinc

623 3609 993 3689 impacatos
1037 3608 1261 3668 Iberos
1303 3610 1609 3692 appellat:

623 3711 838 3773 laudat
891 3713 1098 3773 Burm.
1127 3713 1471 3774 Varronem
1530 3713 1611 3774 de

620 3811 700 3876 R.
726 3814 801 3877 R.
834 3815 883 3889 1,
925 3820 1022 3890 16,
1057 3837 1116 3890 2,
1174 3833 1236 3877 et
1262 3817 1331 3876 L.
1369 3816 1398 3876 1
1434 3813 1499 3878 ff.
1527 3817 1612 3878 ‘de

620 3914 889 4000 Abigeis.
976 3939 1023 3977 a
1052 3933 1261 3999 tergo,
1296 3924 1362 3979 in
1391 3924 1614 3980 vicinia

1700 2167 2089 2250 Lycaoniae„
2109 2164 2392 2239 Arabiae,
2434 2181 2501 2227 vt
2524 2186 2698 2229 nunc

1702 2271 1937 2355 Syriae,
1980 2290 2099 2329 nec
2127 2289 2258 2329 non
2284 2271 2525 2330 Africae
2554 2292 2698 2331 cum

1702 2371 2002 2456 affignent
2041 2388 2277 2432 veteres
2314 2373 2460 2451 (vid.
2490 2375 2695 2435 Varro

1700 2478 1776 2536 R.
1797 2477 1870 2538 R.
1894 2476 1970 2543 11,
2003 2478 2063 2544 6,
2087 2478 2145 2537 3.
2205 2475 2360 2536 Plin.
2395 2474 2557 2545 vm,
2578 2484 2689 2551 44,

1702 2578 1742 2640 s.
1776 2581 1918 2660 69),
1976 2591 2161 2640 nemo
2196 2583 2261 2639 in
2290 2580 2496 2639 Italiae
2525 2575 2690 2638 siluis

1703 2698 2167 2743 commemorat.
2265 2683 2479 2765 Itaque
2532 2702 2693 2762 poe-

1702 2792 1827 2847 tico
1859 2806 2033 2846 more
2048 2829 2069 2858 ,
2125 2807 2264 2846 cum
2309 2791 2567 2846 omnino
2601 2786 2695 2848 se-

1700 2909 1863 2961 ram,
1945 2909 2106 2970 quae
2163 2888 2415 2950 canibus
2475 2895 2697 2971 agitari

1699 2990 1918 3076 posset,
1957 2989 2282 3053 nominare
2316 2992 2517 3061 vellet,
2559 3015 2696 3052 cer·

1700 3112 1831 3157 tum
1862 3096 2199 3180 quoddam,
2260 3110 2446 3177 vtque
2488 3100 2693 3155 oratio

1702 3197 1849 3260 effet
1893 3200 2169 3272 doctior,
2218 3201 2435 3258 'minus
2468 3214 2694 3257 notum

1701 3317 1899 3386 genus
1927 3301 2159 3384 posuit:
2198 3300 2276 3361 fic
2308 3299 2482 3381 supra
2514 3311 2692 3371 ‘vt-os,

1699 3403 1781 3466 fic
1807 3426 2036 3465 ceruos
2062 3403 2225 3464 alibi.
2290 3405 2390 3465 Sic
2416 3402 2691 3463 cedrum

1694 3512 1762 3569 in
1800 3508 1973 3572 Italia
2022 3507 2324 3568 recensuit
2368 3509 2524 3568 Aen.
2574 3508 2688 3580 Χῖ,

1698 3611 1857 3690 Ι157,
1928 3624 2186 3670 notante
2233 3613 2356 3670 iam
2402 3611 2686 3671 Victorio

1694 3712 1800 3776 lib.
1817 3713 2171 3783 xxxvm,
2198 3735 2250 3775 1.
2306 3723 2454 3794 412.
2479 3732 2689 3792 agens

1697 3818 1778 3878 ad
1812 3834 2101 3877 ornatum
2142 3818 2486 3886 adiectum:
2574 3838 2687 3876 vo-

1696 3920 1979 3981 cabulum
2079 3926 2435 3980 venantium
2535 3939 2690 4000 pro-

623 4013 972 4081 h'abit'antes
1008 4035 1069 4082 et
1099 4019 1467 4085 insidiante&
1524 4055 1614 4072 -·
1690 4027 1929 4107 prium,
2014 4022 2163 4084 dum
2214 4022 2684 4105 Vrgentferas:

450 4145 458 4150 ·
569 4137 578 4144 ’
623 4105 1214 4204 469.''·0a22·gr⁴0s,‘
1254 4127 1453 4187 ferum
1501 4123 1611 4187 afi-
1692 4129 1848 4188 Aen.
1884 4127 2129 4204 ·1V‚·71
2248 4146 2429 4186 cerua
2490 4147 2680 4209 quam

617 4245 841 4288 norum
888 4249 1114 4312 genus,
1186 4226 1487 4311 Phrygiae
1547 4245 1610 4292 et
1674 4231 1842 4312 fixit
1922 4227 2154 4312 pastor
2221 4249 2430 4310 agens
2510 4231 2677 4290 celis.
