3075 5114
618 249 770 335 464
872 214 880 223 ”
1025 245 2230 327 P.v1R011.11MARoNts

613 440 836 535 Quae
875 440 1118 543 grauis
1172 432 1309 527 est,
1371 431 1876 555 ipsoextacitam
1916 434 1989 511 se
2032 436 2375 536 pondere
2417 440 2694 542 prodit,

613 576 987 671 Quaeque
1031 568 1244 644 leuis,
1346 573 1741 643 Promtum
1792 568 1894 645 est
1938 572 2176 646 oculis
2232 575 2697 674 praediscere

1849 708 2163 804 nigram,
2543 713 2691 785 255

604 839 701 916 Et
779 841 946 938 quis
1018 841 1143 912 cui
1218 835 1455 913 color.
1586 841 1686 912 At
1754 836 2211 913 sceleratum
2297 834 2696 946 exquiiere

1854 972 2082 1074 frigus
2330 970 2336 989 ’

603 1100 936 1183 Difficile
987 1102 1123 1179 est:
1201 1110 1467 1210 piceae
1514 1126 1808 1184 tantum
1868 1114 2175 1212 taxique
2228 1129 2601 1199 nocentes,
2680 1178 2694 1194 .

736 1322 842 1390 254
873 1319 1082 1392 prodet
1117 1320 1312 1377 Medic.
1392 1334 1606 1395 promit
1643 1326 1840 1400 Regius
1884 1341 1938 1380 et
1979 1327 2171 1380 Cet-da.
2269 1335 2504 1381 tacitum
2541 1321 2681 1400 apud

597 1409 832 1463 Pieriam
884 1405 960 1461 est
1007 1409 1190 1461 vitium
1237 1407 1460 1462 Aldinae
1522 1411 1619 1465 sec.
1796 1415 1898 1468 255
1938 1413 2277 1483 praedicere
2325 1430 2550 1486 quatuor
2594 1432 2676 1486 ap.

599 1495 781 1548 Burin.
830 1510 882 1547 et
913 1487 1080 1547 Goth.
1132 1513 1209 1566 pr.
1240 1512 1361 1546 cum
1385 1490 1525 1558 Erf..
1569 1513 1670 1552 nec
1699 1517 1809 1552 non
1838 1499 2130 1553 Romanus.
2208 1499 2548 1571 cognoscere
2579 1502 2682 1553 Zu-

596 1579 723 1634 lich.
795 1582 874 1633 Ita
913 1595 967 1632 et
1013 1577 1135 1633 alibi
1181 1579 1280 1633 Ge.
1324 1583 1364 1643 1,
1408 1586 1528 1644 252,
1573 1586 1657 1639 ⁵1.
1804 1587 1908 1639 256
1942 1588 2017 1638 Et
2058 1590 2310 1657 quisquis
2360 1589 2537 1640 color.
2622 1603 2685 1640 at

597 1665 721 1720 edd.
750 1664 906 1720 Aldd.
939 1666 1138 1738 primae
1169 1681 1221 1718 et
1250 1666 1377 1719 hinc
1400 1669 1694 1741 profectae,
1737 1686 1788 1723 et
1815 1668 1885 1722 fic
1916 1669 2111 1723 Medic.
2149 1690 2178 1721 a
2204 1690 2276 1723 m.
2308 1672 2406 1724 [ec.
2444 1688 2494 1726 et
2527 1672 2681 1745 pleri·

596 1773 702 1827 que
740 1771 961 1820 omues;
1006 1753 1164 1804 etiam
1203 1752 1384 1807 nostri.
1454 1755 1707 1808 Defendit
1745 1756 1849 1808 boc
1877 1756 2251 1808 Seruianorum
2294 1773 2495 1810 auctor.
2568 1761 2679 1810 Sea
2737 1787 2752 1803 ·

592 1848 855 1913 quisquis
898 1837 980 1890 ed.
1022 1839 1157 1891 Ven.
1238 1838 1313 1894 Et
1354 1847 1477 1910 qui-t
1524 1850 1617 1893 cut
1664 1848 1787 1893 ciue
1840 1841 2003 1894 color
2041 1833 2334 1895 Romanus.
2432 1841 2509 1894 Et
2550 1848 2677 1911 quis

596 1935 803 1998 eatque
842 1926 1034 1978 colore
1106 1924 1562 1995 aesceleratum,
1614 1942 1665 1980 vt
1698 1923 1858 1980 estin
1886 1921 2083 1979 Medic.
2127 1945 2157 1978 a
2187 1946 2257 1978 m.
2284 1946 2361 1997 pr.
2385 1966 2400 1988 ,
2459 1927 2515 1978 in
2556 1925 2670 1978 aliis

593 2030 681 2084 ap.
714 2012 977 2072 Pieriam,
1028 2027 1081 2065 et
1106 2010 1162 2064 in
1187 2031 1289 2066 vno
1320 2012 1532 2076 Mead.;
1596 2028 1649 2065 et
1674 2028 1795 2065 cum
1820 2012 2019 2064 versum
2059 2009 2375 2065 labefactum
2412 2009 2663 2072 viderent,
2744 2030 2749 2037 ·

593 2104 756 2155 color
795 2112 997 2151 mutato
1037 2097 1093 2149 in
1133 2099 1322 2159 colos,
1365 2098 1815 2171 quemadmodum
1844 2098 2001 2151 Pierii
2030 2098 2304 2152 Mediceus
2334 2094 2520 2154 babet,
2576 2092 2685 2151 aut'

593 2183 799 2239 excluso
847 2199 907 2236 ae
946 2181 1140 2235 lectum
1167 2180 1267 2237 effe
1306 2184 1359 2236 in
1398 2176 1624 2257 antiquis
1662 2179 1833 2247 libris,
1874 2200 2021 2256 patet
2057 2205 2086 2238 e
2113 2183 2408 2247 Summis.
2457 2184 2664 2240 Zulich.

589 2287 645 2326 et
685 2290 786 2324 vno
827 2268 1075 2323 Arundel.
1148 2268 1360 2322 Scilicet
1401 2272 1474 2323 Ec
1518 2279 1641 2343 quis
1684 2278 1773 2323 cul
1817 2273 2004 2333 color,
2047 2270 2192 2343 quod
2218 2269 2517 2343 Naugerius
2545 2269 2663 2324 Ald.

587 2373 705 2412 tert.
751 2356 1071 2416 adsciverat,
1143 2354 1266 2406 inde
1305 2356 1513 2410 Manut.
1559 2354 1877 2410 Commelin.
1924 2355 2241 2419 Pulmann.,
2321 2377 2439 2410 vera
2479 2357 2664 2420 lecti0;

585 2443 841 2515 reperitur
882 2441 972 2494 illa
1014 2443 1069 2493 in
1108 2436 1328 2493 Mentel.
1373 2461 1451 2513 pr.
1485 2461 1515 2496 a
1557 2461 1626 2494 m.
1674 2461 1750 2514 pr.
1853 2448 1975 2506 cut,
2038 2459 2135 2517 pto
2181 2443 2505 2516 cuicunque,
2559 2441 2661 2496 vid.

581 2532 764 2587 Burm.
901 2530 1004 2599 ²57
1038 2540 1256 2580 cantum
1280 2536 1485 2600 piceae
1506 2529 1701 2584 Moret-
1731 2526 1829 2583 sec.

583 2720 837 2798 anstis,
891 2739 1009 2800 pro
1024 2762 1046 2792 ,
1105 2716 1308 2784 herbis
1340 2720 1587 2804 surgen·
1670 2718 1957 2802 adeoque
2032 2717 2437 2790 detestabilis,
2519 2737 2659 2778 exe-

587 2824 774 2899 tibus,
819 2838 884 2883 vt
913 2824 1088 2883 Seru.
1668 2823 1949 2883 orandus.
2032 2823 2127 2882 Ita
2162 2823 2337 2904 saepe
2373 2819 2497 2903 ipse
2527 2822 2660 2880 Ma·

717 2929 863 3004 254.
924 2929 1066 2988 255.
1138 2922 1281 2989 256.
1367 2923 1584 2985 Solum
1667 2946 1761 2987 ro.
1825 2929 1980 2987 Aen.
2025 2926 2111 2985 111
2122 2967 2145 2999 ,
2189 2925 2273 2987 60
2317 2925 2657 3002 scelerata

584 3053 777 3116 graue
828 3049 910 3090 en
951 3028 1092 3090 leue
1107 3070 1142 3106 ,v
1217 3031 1461 3110 nigrum
1502 3047 1585 3086 an

583 3135 708 3195 alio
761 3134 1006 3205 colore,
1075 3130 1205 3213 ipso
1257 3129 1584 3190 oculorum

581 3236 688 3296 vsu
722 3233 1127 3318 cognoscitur.
1203 3234 1480 3292 tacitam
1496 3231 1584 3311 se

573 3336 811 3425 prodit
834 3358 857 3405 ,·
969 3339 1215 3417 poetica
1296 3338 1578 3406 ratione,

578 3442 770 3525 vulgo
818 3441 1089 3515 diceres,
1159 3441 1410 3522 tacite:
1489 3453 1575 3511 at,

576 3564 698 3628 pro
747 3542 1045 3604 aduerbio
1100 3546 1310 3602 tacita
1362 3540 1577 3623 prodit

575 3650 638 3710 I'e
695 3664 857 3709 terra
869 3690 890 3722 ,
977 3649 1248 3728 argutius
1295 3648 1576 3705 tacitam

553 3751 661 3840 se.
750 3750 847 3810 Cf.
886 3749 1129 3810 Colum.
1164 3748 1244 3822 11,
1277 3770 1337 3824 2,
1382 3751 1455 3812 15
1486 3747 1571 3832 sq.

663 3857 879 3918 256—
903 3855 1047 3917 258.
1122 3853 1365 3936 Frigida
1409 3867 1571 3913 terra

572 3959 653 4021 ad
728 3957 1224 4041 cognoscendum
1307 3953 1571 4045 difficilia

574 4059 708 4124 est.
747 4061 1159 4140 sceleratum
1198 4079 1315 4141 pro
1351 4065 1562 4134 noxie,

1668 3043 1869 3087 terra.
1931 3027 2069 3098 VII,
2100 3032 2221 3106 461
2258 3028 2360 3104 fi.
2390 3028 2656 3103 insania

1667 3129 1842 3188 belli.
1884 3129 2023 3189 add.
2045 3130 2124 3204 Π,
2160 3131 2301 3192 231.
2348 3131 2489 3204 xa,
2507 3138 2652 3209 949.

1664 3228 1882 3293 Subest
1921 3232 2062 3292 sane
2105 3237 2283 3293 notio
2327 3248 2529 3294 reatus
2577 3251 2652 3292 ex

1662 3335 1923 3407 scelere,
1973 3335 2163 3395 caede
2207 3350 2273 3396 et
2310 3332 2389 3395 fic
2428 3354 2648 3417 porro:

1662 3457 1897 3510 verum,
1964 3435 2067 3497 vbi
2109 3438 2188 3498 de
2230 3453 2422 3519 poeta
2452 3452 2531 3498 ’et
2571 3436 2651 3497 de

1659 3539 1937 3623 epitheto
1969 3544 2303 3623 quaeritur,
2343 3544 2414 3602 in
2441 3554 2649 3623 etymo

1658 3664 1792 3707 non
1829 3646 1971 3704 licet
1998 3642 2289 3718 haerere,
2342 3647 2430 3703 ita
2472 3658 2537 3702 vt
2576 3639 2650 3701 fit

1654 3745 1850 3809 solum
1864 3791 1887 3822 ‚
1931 3747 2104 3830 quod
2150 3762 2388 3807 enecat.
2483 3747 2651 3806 Taxt'

1655 3866 1764 3913 aut
1799 3866 2033 3912 certum
2068 3869 2263 3933 genus
2295 3851 2646 3932 intelligen-

1655 3956 1800 4015 dum
1812 3996 1837 4029 ,
1881 3968 1987 4013 eut
2012 3954 2134 4014 alio
2164 3951 2272 4012 sub
2302 3954 2475 4015 caelo
2514 3973 2642 4013 ma·

1653 4063 1742 4142 gis
1769 4060 1954 4119 noxia
1983 4061 2113 4118 eius
2140 4071 2364 4117 natura
2395 4053 2515 4116 effe
2551 4054 2645 4116 so-

569 4181 637 4228 vt
687 4177 1017 4228 venenum.
1147 4163 1254 4226 Ita-
1287 4166 1565 4243 impius.-
1645 4164 1753 4226 let.
1838 4161 1940 4242 De
1965 4180 2061 4232 ea,
2102 4163 2254 4222 item
2282 4160 2362 4222 de
2390 4155 2641 4220 hedera
2720 4179 2727 4188 ·

2568 4444 2601 4454 ρ
