3075 5114
633 360 773 445 146

1048 360 1133 434 P.
1183 359 1681 436 VIRGILII
1753 345 2281 438 MAnoms

611 548 888 649 Aegle,
939 548 1313 662 Naiadum
1351 546 1844 648 pulcerrima;
1924 553 2233 652 iamque
2269 548 2554 623 videnti

609 688 1051 784 sanguineis
1100 681 1430 757 frontem
1469 688 1703 757 moris
1750 702 1829 758 et
1868 701 2217 788 tempora
2263 690 2524 786 pingit.

537 801 550 809 “
608 820 745 895 Ille
781 818 1044 893 dolum
1066 817 1355 908 ridenS,
1434 821 1614 916 Quo
1655 820 1957 894 vincula
1999 819 2347 896 nectitis?
2424 824 2693 921 inquit.

609 955 901 1031 Soluite
941 978 1105 1044 me,
1146 957 1398 1053 pueri3
1477 952 1642 1029 satis
1685 953 1787 1029 est
1827 951 2145 1065 potuiffe
2189 954 2450 1031 videri.

615 1092 1003 1182 Carmina,
1066 1112 1265 1194 quae
1305 1085 1563 1181 vultis,
1646 1089 2113 1191 cognoscite3
2195 1092 2528 1166 earmina
2562 1110 2693 1161 vo·-

1856 1213 1996 1306 bis,
2591 1210 2695 1287 25

746 1412 812 1451 21
854 1413 1099 1472 namquo
1138 1395 1342 1470 aliquot
1375 1397 1578 1471 antiqui
1606 1397 1772 1460 Pion,
1813 1412 1930 1452 tum
1967 1397 2167 1456 Moreti
2208 1417 2339 1453 vnn·
2380 1414 2434 1453 et
2460 1396 2543 1454 ed.
2572 1398 2695 1451 Me-

611 1482 744 1537 diol.
812 1481 904 1538 Est
930 1498 982 1537 et
1019 1485 1077 1537 in
1104 1483 1188 1538 ed.
1221 1485 1359 1538 Ven.
1395 1494 1525 1555 ¹472
1555 1500 1609 1539 et
1638 1484 1805 1539 Goth.
1847 1483 1944 1539 sec.

2102 1487 2172 1539 23
2211 1485 2366 1557 Quid
2405 1483 2489 1540 ed.
2530 1485 2693 1551 Ven..

609 1586 664 1624 et
696 1570 829 1623 Pier.
867 1570 925 1628 in
962 1570 1161 1643 antiqu.
1211 1570 1415 1646 aliquot
1456 1570 1613 1625 codd.
1646 1569 1749 1628 effe
1785 1586 2075 1636 memorum
2117 1569 2311 1630 scilicet
2340 1592 2405 1627 ex
2438 1572 2695 1644 interpre-

610 1656 834 1712 tatione.

609 1797 852 1859 Graece
899 1797 1164 1861 dictum:
1226 1798 1407 1860 Silius
1429 1794 1604 1870 XVI,

612 1904 746 1981 '468
791 1902 1002 1962 veluti
1043 1902 1315 1984 delapsa
1356 1919 1609 1961 corona

611 2006 913 2069 Victoris
944 2009 1153 2087 capiti
1168 2007 1383 2086 foret.
1436 2000 1611 2062 Gra·

609 2108 714 2168 vis
744 2107 1126 2180 cantharus,
1177 2111 1327 2168 vino
1357 2104 1603 2186 plenus,

606 2214 818 2291 inquit
882 2209 1306 2281 Burmannus,
1392 2207 1608 2266 malim

610 2317 874 2374 omnino
925 2331 1031 2371 vas
1070 2331 1366 2393 magnum
1407 2326 1472 2372 et
1512 2329 1613 2370 ca-

609 2436 734 2496 pax
763 2410 1084 2496 defignari.
1169 2414 1334 2473 Nam
1361 2409 1613 2495 pende·

612 2517 733 2577 bae
758 2516 834 2578 sc.
875 2514 1306 2599 semisupinus,
1366 2531 1612 2576 tantum

604 2639 743 2683 non
783 2618 1046 2682 euersas.
1148 2621 1424 2689 attrita,
1482 2620 1607 2681 fre-

606 2726 828 2809 quenti
880 2720 1003 2783 vssi.
1131 2723 1414 2783 Variauit
1472 2744 1607 2785 rem

608 2842 828 2889 auctor
881 2824 1147 2906 Epithal.
1201 2826 1467 2907 Auspicii
1535 2831 1606 2888 in

606 2928 860 2991 Anthol.
888 2929 1021 2992 Lat.
1056 2944 1121 2990 et
1147 2931 1216 2988 in
1241 2929 1418 2989 Poet.
1449 2932 1604 2990 min.

605 3031 993 3094 Wernsdort'.
1024 3032 1208 3093 Tom.
1238 3030 1349 3104 lv,
1379 3053 1443 3112 p.
1474 3034 1598 3110 481

605 3136 785 3212 Ecce
800 3149 1001 3215 pater
1019 3131 1251 3216 pando
1265 3123 1607 3196 'recubans

609 3240 870 3301 Silenus
903 3237 1106 3315 qsello
1126 3258 1150 3303 .-
1196 3237 1320 3298 Cm‘
1348 3236 1530 3301 lacer
1559 3257 1607 3302 a

586 3343 856 3420 flammo
882 3338 1224 3422 pendebat
1243 3340 1608 3404 cantharus

603 3464 816 3506 armo.

695 3568 734 3608 2
748 3568 800 3606 1.
841 3546 1110 3628 iamque
1146 3543 1446 3616 videnti,
1501 3567 1606 3607 ex·

605 3647 988 3732 pergefacto.
1123 3646 1407 3709 Cauffam
1463 3653 1606 3731 pin·

606 3751 798 3834 gendi
839 3746 1107 3811 afferunt
1143 3749 1268 3813 fine
1297 3756 1502 3813 iocum
1532 3772 1606 3812 ae

604 3854 1048 3940 petulantiam,
1103 3850 1231 3915 fiue
1274 3854 1603 3929 honorem,

606 3956 781 4041 quod
811 3953 1219 4040 antiquiffimo
1252 3979 1449 4032 more,
1496 3963 1606 4041 qui

608 4061 902 4139 deinceps
953 4063 1022 4120 in
1083 4060 1198 4125 diis
1270 4059 1604 4146 agrestibus

605 4157 927 4243 perstitiss’e
982 4163 1255 4240 videtur,
1341 4167 1605 4228 deorum

605 4263 920 4334 fimulacra
945 4269 1139 4333 minio
1166 4268 1605 4356 pingebantur.

1688 1797 1949 1872 Notum,
1999 1797 2220 1861 Iouem
2257 1801 2506 1860 miniari
2549 1796 2693 1858 soli-

1689 1917 1821 1963 tum
1837 1923 1937 1983 ap.
1968 1902 2127 1962 Plin.
2144 1900 2414 1973 XXXV,
2443 1893 2547 1977 45.
2580 1895 2691 1961 etfi

1689 2005 1809 2066 alia
1839 2006 1919 2066 de
1956 2000 2174 2078 causs‘a,
2194 2035 2197 2038 ¹
2217 2024 2302 2064 ne
2338 2002 2578 2085 lignum
2606 2000 2687 2061 ab

1685 2105 1983 2170 imbribus
2020 2103 2415 2188 putresceret.
2501 2105 2689 2164 Prae·

1693 2210 2020 2272 serendum
2073 2213 2264 2290 prius·
2367 2216 2467 2288 ²4·
2508 2207 2692 2285 satie

1695 2311 1785 2390 est
1836 2307 2121 2396 potmss'e
2168 2310 2418 2387 videri,
2476 2327 2543 2373 vt
2596 2314 2690 2371 vi-

1695 2416 1966 2480 deamini
1992 2437 2094 2477 me
2127 2418 2359 2476 vincire
2399 2410 2687 2497 potuiss'e.

1691 2522 1963 2583 Petitum
2002 2534 2207 2580 autem
2239 2517 2393 2594 hoc,
2449 2534 2514 2579 vt
2551 2522 2688 2581 vin-
2745 2531 2751 2536 ’

1690 2625 2074 2695 οὶτενθΠεῐιῐ
2100 2623 2401 2697 Silenum,
2446 2644 2573 2705 quo
2605 2621 2687 2689 ad

1690 2728 2074 2800 canendum,
2173 2727 2347 2811 quod
2413 2726 2683 2799 vellent,

1690 2851 1834 2891 eum
1866 2844 2182 2913 cogerent,
2240 2828 2319 2889 ab
2349 2849 2450 2903 eo,
2512 2826 2687 2913 quod

1689 2932 1767 2993 de
1823 2931 2063 2995 vatibus
2121 2934 2457 2995 memorari
2508 2928 2682 3004 sole't,

1686 3038 1797 3119 qui
1846 3034 2283 3117 repugnabant
2296 3077 2318 3109 ,
2379 3032 2688 3097 nolebant

1689 3132 1942 3218 κάτοχοι
1999 3137 2162 3211 fieri,
2224 3135 2346 3197 deo
2406 3136 2687 3216 impleria

1686 3241 1925 3302 Notum
1957 3240 2036 3300 de
2064 3236 2302 3323 Pythia.
2347 3238 2423 3299 cf.
2451 3240 2689 3303 Lucan.

1686 3344 1769 3418 V,
1808 3346 1928 3406 116
1953 3342 2040 3427 sq.
2125 3343 2322 3405 Furor
2347 3344 2515 3405 enim
2556 3341 2685 3414 ille,

1688 3449 1799 3530 qui
1848 3460 2125 3508 mentem
2167 3458 2462 3524 occupat,
2530 3440 2688 3524 spas-

1690 3570 1827 3611 mos
1866 3547 2035 3613 haud
2072 3546 2418 3609 mediocres
2462 3541 2686 3607 afferro

1690 3653 2050 3736 corporibus
2093 3649 2328 3713 debuit.
2401 3647 2477 3710 cf.
2524 3649 2682 3711 Aen.

1687 3757 1812 3830 Vl,
1851 3764 1934 3837 47
1971 3755 2099 3838 sqq.
2186 3752 2343 3813 Inde
2389 3755 2575 3813 etiam
2615 3755 2686 3814 in

1689 3859 1804 3921 diis
1848 3856 2317 3920 vaticinantibus
2354 3852 2477 3916 hoc
2515 3855 2687 3916 idem

1686 3963 1893 4023 locum
1917 3960 2168 4039 habuit;
2200 3964 2408 4043 itaque
2423 3960 2685 4021 Proteus

1687 4064 1943 4125 vinculis
1975 4060 2325 4126 constrictus
2356 4061 2526 4143 apud
2552 4062 2686 4121 Ho-

1686 4188 1839 4229 mer.
1867 4164 2076 4252 odyff.
2108 4167 2157 4237 δ,
2201 4172 2332 4246 414
2358 4165 2442 4248 sq.
2475 4180 2540 4225 et
2563 4165 2682 4225 Ge.

1686 4269 1783 4334 IV
1776 4315 1798 4347 ,
1829 4274 1974 4354 396.
2006 4274 2154 4355 439.
2208 4273 2291 4335 Et
2317 4266 2561 4333 silenus
2604 4267 2685 4327 ad
