<?xml version="1.0" encoding="UTF-8"?>
<!DOCTYPE html PUBLIC "-//W3C//DTD XHTML 1.0 Transitional//EN"
    "http://www.w3.org/TR/xhtml1/DTD/xhtml1-transitional.dtd">
<html xmlns="http://www.w3.org/1999/xhtml" xml:lang="en" lang="en">
 <head>
  <title>
</title>
<meta http-equiv="Content-Type" content="text/html;charset=utf-8" />
  <meta name='ocr-system' content='tesseract 3.04.00' />
  <meta name='ocr-capabilities' content='ocr_page ocr_carea ocr_par ocr_line ocrx_word'/>
</head>
<body>
  <div class='ocr_page' id='page_1' title='image "./pvirgilivsmarov01virggoog_0873.png"; bbox 0 0 3075 5114; ppageno 0'>
   <div class='ocr_carea' id='block_1_1' title="bbox 466 373 2374 477">
    <p class='ocr_par' dir='ltr' id='par_1_1' title="bbox 466 373 2374 477">
     <span class='ocr_line' id='line_1_1' title="bbox 466 373 2374 477; baseline -0.003 -20"><span class='ocrx_word' id='word_1_1' title='bbox 466 378 1159 457; x_wconf 87' lang='lat' dir='ltr'>GEORGICON</span> <span class='ocrx_word' id='word_1_2' title='bbox 1221 376 1424 448; x_wconf 88' lang='lat' dir='ltr'>LIB.</span> <span class='ocrx_word' id='word_1_3' title='bbox 1472 377 1614 467; x_wconf 89' lang='lat' dir='ltr'>IV,</span> <span class='ocrx_word' id='word_1_4' title='bbox 1653 373 1790 449; x_wconf 82' lang='lat'>521</span> <span class='ocrx_word' id='word_1_5' title='bbox 1818 375 2082 475; x_wconf 65' lang='lat'>—529</span> <span class='ocrx_word' id='word_1_6' title='bbox 2233 378 2374 477; x_wconf 85' lang='lat'>761</span> 
     </span>
    </p>
   </div>
   <div class='ocr_carea' id='block_1_2' title="bbox 314 563 2391 1070">
    <p class='ocr_par' dir='ltr' id='par_1_2' title="bbox 318 563 2391 806">
     <span class='ocr_line' id='line_1_2' title="bbox 318 563 2391 672; baseline -0.003 -26"><span class='ocrx_word' id='word_1_7' title='bbox 318 575 518 646; x_wconf 88' lang='lat' dir='ltr'>Tum</span> <span class='ocrx_word' id='word_1_8' title='bbox 545 592 877 672; x_wconf 87' lang='lat' dir='ltr'>quoque,</span> <span class='ocrx_word' id='word_1_9' title='bbox 922 591 1343 643; x_wconf 85' lang='lat' dir='ltr'>marmorea</span> <span class='ocrx_word' id='word_1_10' title='bbox 1367 582 1593 665; x_wconf 78' lang='lat' dir='ltr'>caput</span> <span class='ocrx_word' id='word_1_11' title='bbox 1618 590 1662 636; x_wconf 86' lang='lat' dir='ltr'>a</span> <span class='ocrx_word' id='word_1_12' title='bbox 1688 567 1986 639; x_wconf 86' lang='lat' dir='ltr'>ceruice</span> <span class='ocrx_word' id='word_1_13' title='bbox 2015 563 2391 640; x_wconf 88' lang='lat' dir='ltr'>reuolsum</span> 
     </span>
     <span class='ocr_line' id='line_1_3' title="bbox 323 699 2305 806; baseline -0.004 -24"><span class='ocrx_word' id='word_1_14' title='bbox 323 711 631 806; x_wconf 82' lang='lat' dir='ltr'><strong>Gurgite</strong></span> <span class='ocrx_word' id='word_1_15' title='bbox 673 731 908 806; x_wconf 90' lang='lat' dir='ltr'>quum</span> <span class='ocrx_word' id='word_1_16' title='bbox 950 703 1203 778; x_wconf 88' lang='lat' dir='ltr'>medio</span> <span class='ocrx_word' id='word_1_17' title='bbox 1247 719 1551 802; x_wconf 88' lang='lat' dir='ltr'>portans</span> <span class='ocrx_word' id='word_1_18' title='bbox 1602 702 1965 805; x_wconf 78' lang='lat' dir='ltr'><strong>Oeagrius</strong></span> <span class='ocrx_word' id='word_1_19' title='bbox 2009 699 2305 774; x_wconf 85' lang='lat' dir='ltr'>Hebrus</span> 
     </span>
    </p>

    <p class='ocr_par' dir='ltr' id='par_1_3' title="bbox 314 818 2390 1070">
     <span class='ocr_line' id='line_1_4' title="bbox 317 818 2386 938; baseline -0.004 -20"><span class='ocrx_word' id='word_1_20' title='bbox 317 842 701 932; x_wconf 84' lang='lat' dir='ltr'>Volneret,</span> <span class='ocrx_word' id='word_1_21' title='bbox 719 818 1143 934; x_wconf 81' lang='lat' dir='ltr'>Eurydicen</span> <span class='ocrx_word' id='word_1_22' title='bbox 1175 863 1325 910; x_wconf 80' lang='lat' dir='ltr'>vox</span> <span class='ocrx_word' id='word_1_23' title='bbox 1347 834 1495 938; x_wconf 85' lang='lat' dir='ltr'>ipsa</span> <span class='ocrx_word' id='word_1_24' title='bbox 1526 853 1604 909; x_wconf 92' lang='lat' dir='ltr'>et</span> <span class='ocrx_word' id='word_1_25' title='bbox 1632 833 1900 935; x_wconf 86' lang='lat' dir='ltr'>frigida</span> <span class='ocrx_word' id='word_1_26' title='bbox 1925 834 2202 935; x_wconf 86' lang='lat' dir='ltr'>lingua,</span> <span class='ocrx_word' id='word_1_27' title='bbox 2239 837 2386 910; x_wconf 84' lang='lat'>525</span> 
     </span>
     <span class='ocr_line' id='line_1_5' title="bbox 314 969 2390 1070; baseline -0.005 -15"><span class='ocrx_word' id='word_1_28' title='bbox 314 978 436 1055; x_wconf 82' lang='lat' dir='ltr'>Ah</span> <span class='ocrx_word' id='word_1_29' title='bbox 474 974 809 1052; x_wconf 79' lang='lat' dir='ltr'>miseram</span> <span class='ocrx_word' id='word_1_30' title='bbox 835 973 1287 1067; x_wconf 85' lang='lat' dir='ltr'>Eurydicen!</span> <span class='ocrx_word' id='word_1_31' title='bbox 1385 976 1634 1044; x_wconf 84' lang='lat' dir='ltr'>anima</span> <span class='ocrx_word' id='word_1_32' title='bbox 1653 969 2008 1070; x_wconf 64' lang='lat' dir='ltr'>fugiente</span> <span class='ocrx_word' id='word_1_33' title='bbox 2039 969 2390 1064; x_wconf 77' lang='lat' dir='ltr'>vocabat3</span> 
     </span>
    </p>
   </div>
   <div class='ocr_carea' id='block_1_3' title="bbox 242 1106 2388 1485">
    <p class='ocr_par' dir='ltr' id='par_1_4' title="bbox 242 1106 2388 1485">
     <span class='ocr_line' id='line_1_6' title="bbox 315 1106 2059 1208; baseline -0.005 -20"><span class='ocrx_word' id='word_1_34' title='bbox 315 1112 740 1208; x_wconf 81' lang='lat' dir='ltr'><strong>Eurydicen</strong></span> <span class='ocrx_word' id='word_1_35' title='bbox 781 1128 945 1185; x_wconf 89' lang='lat' dir='ltr'>toto</span> <span class='ocrx_word' id='word_1_36' title='bbox 996 1106 1421 1183; x_wconf 81' lang='lat' dir='ltr'>referebant</span> <span class='ocrx_word' id='word_1_37' title='bbox 1468 1106 1780 1180; x_wconf 82' lang='lat' dir='ltr'>flumine</span> <span class='ocrx_word' id='word_1_38' title='bbox 1830 1110 2059 1205; x_wconf 81' lang='lat' dir='ltr'>ripae.</span> 
     </span>
     <span class='ocr_line' id='line_1_7' title="bbox 242 1226 2387 1343; baseline -0.001 -22"><span class='ocrx_word' id='word_1_39' title='bbox 242 1226 249 1241; x_wconf 60' lang='lat'>„</span> <span class='ocrx_word' id='word_1_40' title='bbox 418 1251 624 1321; x_wconf 87' lang='lat' dir='ltr'>Haec</span> <span class='ocrx_word' id='word_1_41' title='bbox 649 1248 1003 1319; x_wconf 85' lang='lat' dir='ltr'>Proteus:</span> <span class='ocrx_word' id='word_1_42' title='bbox 1034 1261 1111 1317; x_wconf 92' lang='lat' dir='ltr'>et</span> <span class='ocrx_word' id='word_1_43' title='bbox 1139 1241 1212 1317; x_wconf 90' lang='lat' dir='ltr'>se</span> <span class='ocrx_word' id='word_1_44' title='bbox 1238 1247 1438 1317; x_wconf 88' lang='lat' dir='ltr'>iactu</span> <span class='ocrx_word' id='word_1_45' title='bbox 1468 1242 1680 1316; x_wconf 86' lang='lat' dir='ltr'>dedit</span> <span class='ocrx_word' id='word_1_46' title='bbox 1711 1269 2002 1343; x_wconf 88' lang='lat' dir='ltr'>aequor</span> <span class='ocrx_word' id='word_1_47' title='bbox 2024 1248 2105 1317; x_wconf 91' lang='lat' dir='ltr'>in</span> <span class='ocrx_word' id='word_1_48' title='bbox 2132 1243 2387 1318; x_wconf 86' lang='lat' dir='ltr'>altum.</span> 
     </span>
     <span class='ocr_line' id='line_1_8' title="bbox 319 1376 2388 1485; baseline -0.001 -29"><span class='ocrx_word' id='word_1_49' title='bbox 319 1389 644 1485; x_wconf 86' lang='lat' dir='ltr'>Quaque</span> <span class='ocrx_word' id='word_1_50' title='bbox 670 1379 897 1470; x_wconf 88' lang='lat' dir='ltr'>dedit,</span> <span class='ocrx_word' id='word_1_51' title='bbox 921 1376 1382 1479; x_wconf 78' lang='lat' dir='ltr'>spumantem</span> <span class='ocrx_word' id='word_1_52' title='bbox 1405 1376 1681 1451; x_wconf 84' lang='lat' dir='ltr'>vndam</span> <span class='ocrx_word' id='word_1_53' title='bbox 1708 1377 1837 1452; x_wconf 87' lang='lat' dir='ltr'>sub</span> <span class='ocrx_word' id='word_1_54' title='bbox 1860 1384 2139 1455; x_wconf 84' lang='lat' dir='ltr'>vertice</span> <span class='ocrx_word' id='word_1_55' title='bbox 2162 1378 2388 1454; x_wconf 86' lang='lat' dir='ltr'>torfit.</span> 
     </span>
    </p>
   </div>
   <div class='ocr_carea' id='block_1_4' title="bbox 320 1582 1140 1900">
    <p class='ocr_par' dir='ltr' id='par_1_5' title="bbox 320 1582 1140 1900">
     <span class='ocr_line' id='line_1_9' title="bbox 455 1582 1029 1640; baseline -0.005 -1"><span class='ocrx_word' id='word_1_56' title='bbox 455 1586 558 1640; x_wconf 80' lang='lat'>523</span> <span class='ocrx_word' id='word_1_57' title='bbox 603 1583 760 1638; x_wconf 72' lang='lat' dir='ltr'>Tunc</span> <span class='ocrx_word' id='word_1_58' title='bbox 798 1582 1029 1636; x_wconf 84' lang='lat' dir='ltr'>Roman.</span> 
     </span>
     <span class='ocr_line' id='line_1_10' title="bbox 320 1668 1099 1740; baseline -0.008 -12"><span class='ocrx_word' id='word_1_59' title='bbox 320 1674 424 1740; x_wconf 69' lang='lat'>514</span> <span class='ocrx_word' id='word_1_60' title='bbox 457 1670 676 1724; x_wconf 76' lang='lat' dir='ltr'>medius</span> <span class='ocrx_word' id='word_1_61' title='bbox 711 1668 896 1740; x_wconf 77' lang='lat' dir='ltr'>fragm.</span> <span class='ocrx_word' id='word_1_62' title='bbox 925 1669 1099 1722; x_wconf 84' lang='lat' dir='ltr'>Vatic.</span> 
     </span>
     <span class='ocr_line' id='line_1_11' title="bbox 322 1748 1140 1831; baseline -0.002 -21"><span class='ocrx_word' id='word_1_63' title='bbox 322 1764 382 1814; x_wconf 86' lang='lat' dir='ltr'><em>A</em></span> <span class='ocrx_word' id='word_1_64' title='bbox 409 1758 614 1831; x_wconf 71' lang='lat' dir='ltr'>maesera</span> <span class='ocrx_word' id='word_1_65' title='bbox 636 1748 867 1811; x_wconf 69' lang='lat' dir='ltr'>Roman.</span> <span class='ocrx_word' id='word_1_66' title='bbox 903 1772 935 1807; x_wconf 79' lang='grc' dir='ltr'>ι</span> <span class='ocrx_word' id='word_1_67' title='bbox 964 1773 1038 1809; x_wconf 82' lang='lat' dir='ltr'>m.</span> <span class='ocrx_word' id='word_1_68' title='bbox 1060 1773 1140 1827; x_wconf 83' lang='lat' dir='ltr'>pr.</span> 
     </span>
     <span class='ocr_line' id='line_1_12' title="bbox 324 1840 941 1900; baseline -0.013 0"><span class='ocrx_word' id='word_1_69' title='bbox 324 1854 436 1900; x_wconf 72' lang='lat' dir='ltr'>tice</span> <span class='ocrx_word' id='word_1_70' title='bbox 473 1842 595 1898; x_wconf 76' lang='lat' dir='ltr'>odd.</span> <span class='ocrx_word' id='word_1_71' title='bbox 635 1840 941 1898; x_wconf 76' lang='lat' dir='ltr'>nonnullae.</span> 
     </span>
    </p>
   </div>
   <div class='ocr_carea' id='block_1_5' title="bbox 324 1992 1340 3940">
    <p class='ocr_par' dir='ltr' id='par_1_6' title="bbox 324 1992 1340 3940">
     <span class='ocr_line' id='line_1_13' title="bbox 333 1992 1316 2086; baseline -0.008 -22"><span class='ocrx_word' id='word_1_72' title='bbox 333 2003 596 2086; x_wconf 76' lang='lat' dir='ltr'>Orphea</span> <span class='ocrx_word' id='word_1_73' title='bbox 608 1992 639 2069; x_wconf 48' lang='lat'>,&#39;</span> <span class='ocrx_word' id='word_1_74' title='bbox 677 2014 743 2060; x_wconf 79' lang='lat' dir='ltr'>et</span> <span class='ocrx_word' id='word_1_75' title='bbox 776 1996 1316 2076; x_wconf 56' lang='lat' dir='ltr'>miserabiliorem</span> 
     </span>
     <span class='ocr_line' id='line_1_14' title="bbox 328 2101 1316 2181; baseline -0.008 -13"><span class='ocrx_word' id='word_1_76' title='bbox 328 2109 673 2169; x_wconf 77' lang='lat' dir='ltr'>interitum</span> <span class='ocrx_word' id='word_1_77' title='bbox 695 2104 834 2162; x_wconf 77' lang='lat' dir='ltr'>eius</span> <span class='ocrx_word' id='word_1_78' title='bbox 859 2122 905 2160; x_wconf 83' lang='lat' dir='ltr'><em>a</em></span> <span class='ocrx_word' id='word_1_79' title='bbox 928 2101 1073 2161; x_wconf 84' lang='lat' dir='ltr'>loco</span> <span class='ocrx_word' id='word_1_80' title='bbox 1087 2101 1272 2181; x_wconf 78' lang='lat' dir='ltr'>facit</span> <span class='ocrx_word' id='word_1_81' title='bbox 1289 2116 1316 2160; x_wconf 82' lang='grc'>.·</span> 
     </span>
     <span class='ocr_line' id='line_1_15' title="bbox 326 2201 1316 2284; baseline -0.008 -15"><span class='ocrx_word' id='word_1_82' title='bbox 326 2251 376 2280; x_wconf 86' lang='lat'><em>„</em></span> <span class='ocrx_word' id='word_1_83' title='bbox 387 2211 571 2269; x_wconf 74' lang='lat' dir='ltr'>Inter</span> <span class='ocrx_word' id='word_1_84' title='bbox 587 2206 801 2284; x_wconf 81' lang='lat' dir='ltr'>sacra</span> <span class='ocrx_word' id='word_1_85' title='bbox 839 2201 1038 2265; x_wconf 81' lang='lat' dir='ltr'>deum</span> <span class='ocrx_word' id='word_1_86' title='bbox 1081 2225 1146 2262; x_wconf 83' lang='lat' dir='ltr'>n.</span> <span class='ocrx_word' id='word_1_87' title='bbox 1195 2214 1316 2262; x_wconf 81' lang='lat' dir='ltr'>o.“</span> 
     </span>
     <span class='ocr_line' id='line_1_16' title="bbox 324 2307 1317 2373; baseline -0.007 1"><span class='ocrx_word' id='word_1_88' title='bbox 324 2314 502 2373; x_wconf 85' lang='lat' dir='ltr'>Haec</span> <span class='ocrx_word' id='word_1_89' title='bbox 564 2307 818 2370; x_wconf 87' lang='lat' dir='ltr'>tandem</span> <span class='ocrx_word' id='word_1_90' title='bbox 898 2308 1317 2367; x_wconf 85' lang='lat' dir='ltr'>Grammatico</span> 
     </span>
     <span class='ocr_line' id='line_1_17' title="bbox 328 2408 1321 2497; baseline -0.006 -22"><span class='ocrx_word' id='word_1_91' title='bbox 328 2415 518 2497; x_wconf 85' lang='lat' dir='ltr'>digna</span> <span class='ocrx_word' id='word_1_92' title='bbox 543 2417 610 2472; x_wconf 89' lang='lat' dir='ltr'>in</span> <span class='ocrx_word' id='word_1_93' title='bbox 638 2427 888 2493; x_wconf 88' lang='lat' dir='ltr'>poetam</span> <span class='ocrx_word' id='word_1_94' title='bbox 913 2409 1083 2477; x_wconf 83' lang='lat' dir='ltr'>suum</span> <span class='ocrx_word' id='word_1_95' title='bbox 1115 2408 1321 2472; x_wconf 87' lang='lat' dir='ltr'>obser-</span> 
     </span>
     <span class='ocr_line' id='line_1_18' title="bbox 328 2512 1320 2600; baseline -0.009 -16"><span class='ocrx_word' id='word_1_96' title='bbox 328 2523 531 2584; x_wconf 81' lang='lat' dir='ltr'>vatio!</span> <span class='ocrx_word' id='word_1_97' title='bbox 577 2517 912 2600; x_wconf 85' lang='lat' dir='ltr'>Orgiorum</span> <span class='ocrx_word' id='word_1_98' title='bbox 940 2512 1072 2575; x_wconf 80' lang='lat' dir='ltr'>vsus</span> <span class='ocrx_word' id='word_1_99' title='bbox 1102 2520 1137 2574; x_wconf 79' lang='lat' dir='ltr'>a</span> <span class='ocrx_word' id='word_1_100' title='bbox 1165 2534 1320 2596; x_wconf 89' lang='lat' dir='ltr'>poe-</span> 
     </span>
     <span class='ocr_line' id='line_1_19' title="bbox 331 2616 1319 2704; baseline -0.007 -20"><span class='ocrx_word' id='word_1_101' title='bbox 331 2639 429 2696; x_wconf 83' lang='lat' dir='ltr'>ta,</span> <span class='ocrx_word' id='word_1_102' title='bbox 515 2624 623 2704; x_wconf 87' lang='lat' dir='ltr'>qui</span> <span class='ocrx_word' id='word_1_103' title='bbox 684 2616 844 2678; x_wconf 89' lang='lat' dir='ltr'>hanc</span> <span class='ocrx_word' id='word_1_104' title='bbox 898 2622 1319 2679; x_wconf 84' lang='lat' dir='ltr'>narrationem</span> 
     </span>
     <span class='ocr_line' id='line_1_20' title="bbox 329 2720 1319 2806; baseline 0.004 -28"><span class='ocrx_word' id='word_1_105' title='bbox 329 2728 563 2806; x_wconf 79' lang='lat' dir='ltr'>primus</span> <span class='ocrx_word' id='word_1_106' title='bbox 640 2721 913 2796; x_wconf 83' lang='lat' dir='ltr'>induxit,</span> <span class='ocrx_word' id='word_1_107' title='bbox 1000 2720 1319 2806; x_wconf 85' lang='lat' dir='ltr'>ingeniose</span> 
     </span>
     <span class='ocr_line' id='line_1_21' title="bbox 332 2822 1323 2907; baseline -0.005 -18"><span class='ocrx_word' id='word_1_108' title='bbox 332 2824 420 2889; x_wconf 86' lang='lat' dir='ltr'>est</span> <span class='ocrx_word' id='word_1_109' title='bbox 474 2822 779 2888; x_wconf 81' lang='lat' dir='ltr'>arcessitus</span> <span class='ocrx_word' id='word_1_110' title='bbox 828 2826 1112 2907; x_wconf 84' lang='lat' dir='ltr'>exemplo</span> <span class='ocrx_word' id='word_1_111' title='bbox 1171 2826 1323 2885; x_wconf 86' lang='lat' dir='ltr'>alio-</span> 
     </span>
     <span class='ocr_line' id='line_1_22' title="bbox 332 2930 1324 3012; baseline -0.002 -21"><span class='ocrx_word' id='word_1_112' title='bbox 332 2950 471 2992; x_wconf 85' lang='lat' dir='ltr'>rum</span> <span class='ocrx_word' id='word_1_113' title='bbox 495 2945 846 3012; x_wconf 80' lang='lat' dir='ltr'>poetarum,</span> <span class='ocrx_word' id='word_1_114' title='bbox 881 2933 1143 2990; x_wconf 82' lang='lat' dir='ltr'>maxime</span> <span class='ocrx_word' id='word_1_115' title='bbox 1168 2930 1324 2989; x_wconf 86' lang='lat' dir='ltr'>Tra-</span> 
     </span>
     <span class='ocr_line' id='line_1_23' title="bbox 338 3027 1326 3118; baseline -0.002 -26"><span class='ocrx_word' id='word_1_116' title='bbox 338 3037 649 3116; x_wconf 85' lang='lat' dir='ltr'>gicorum:</span> <span class='ocrx_word' id='word_1_117' title='bbox 737 3027 862 3118; x_wconf 80' lang='lat' dir='ltr'>qua</span> <span class='ocrx_word' id='word_1_118' title='bbox 914 3033 993 3094; x_wconf 92' lang='lat' dir='ltr'>de</span> <span class='ocrx_word' id='word_1_119' title='bbox 1036 3053 1104 3093; x_wconf 87' lang='lat' dir='ltr'>re</span> <span class='ocrx_word' id='word_1_120' title='bbox 1143 3051 1200 3093; x_wconf 89' lang='lat' dir='ltr'>v.</span> <span class='ocrx_word' id='word_1_121' title='bbox 1245 3031 1326 3091; x_wconf 90' lang='lat' dir='ltr'>ad</span> 
     </span>
     <span class='ocr_line' id='line_1_24' title="bbox 335 3133 1328 3209; baseline -0.004 -11"><span class='ocrx_word' id='word_1_122' title='bbox 335 3137 493 3198; x_wconf 81' lang='lat' dir='ltr'>Aen.</span> <span class='ocrx_word' id='word_1_123' title='bbox 521 3135 662 3209; x_wconf 88' lang='lat' dir='ltr'>v11,</span> <span class='ocrx_word' id='word_1_124' title='bbox 694 3140 820 3202; x_wconf 78' lang='lat'>385</span> <span class='ocrx_word' id='word_1_125' title='bbox 870 3151 931 3198; x_wconf 87' lang='lat' dir='ltr'>et</span> <span class='ocrx_word' id='word_1_126' title='bbox 964 3133 1204 3198; x_wconf 85' lang='lat' dir='ltr'>Excurs.</span> <span class='ocrx_word' id='word_1_127' title='bbox 1234 3133 1328 3194; x_wconf 82' lang='lat' dir='ltr'>lx</span> 
     </span>
     <span class='ocr_line' id='line_1_25' title="bbox 340 3238 1329 3319; baseline -0.004 -17"><span class='ocrx_word' id='word_1_128' title='bbox 340 3241 420 3302; x_wconf 84' lang='lat' dir='ltr'>ad</span> <span class='ocrx_word' id='word_1_129' title='bbox 462 3238 570 3301; x_wconf 89' lang='lat' dir='ltr'>lib.</span> <span class='ocrx_word' id='word_1_130' title='bbox 612 3241 722 3305; x_wconf 88' lang='lat' dir='ltr'>VI.</span> <span class='ocrx_word' id='word_1_131' title='bbox 811 3240 1102 3300; x_wconf 87' lang='lat' dir='ltr'>Ceterum</span> <span class='ocrx_word' id='word_1_132' title='bbox 1137 3252 1329 3319; x_wconf 85' lang='lat' dir='ltr'>poeta</span> 
     </span>
     <span class='ocr_line' id='line_1_26' title="bbox 337 3339 1329 3424; baseline -0.006 -18"><span class='ocrx_word' id='word_1_133' title='bbox 337 3365 476 3406; x_wconf 81' lang='lat' dir='ltr'>non</span> <span class='ocrx_word' id='word_1_134' title='bbox 516 3347 760 3424; x_wconf 82' lang='lat' dir='ltr'>attingit</span> <span class='ocrx_word' id='word_1_135' title='bbox 800 3346 1034 3402; x_wconf 84' lang='lat' dir='ltr'>crimen</span> <span class='ocrx_word' id='word_1_136' title='bbox 1068 3339 1329 3423; x_wconf 89' lang='lat' dir='ltr'>Orpheo</span> 
     </span>
     <span class='ocr_line' id='line_1_27' title="bbox 338 3442 1330 3529; baseline -0.004 -21"><span class='ocrx_word' id='word_1_137' title='bbox 338 3453 670 3529; x_wconf 86' lang='lat' dir='ltr'>impactum</span> <span class='ocrx_word' id='word_1_138' title='bbox 697 3442 935 3528; x_wconf 79' lang='lat' dir='ltr'>flagitii,</span> <span class='ocrx_word' id='word_1_139' title='bbox 984 3448 1151 3505; x_wconf 81' lang='lat' dir='ltr'>cuius</span> <span class='ocrx_word' id='word_1_140' title='bbox 1180 3444 1330 3505; x_wconf 88' lang='lat' dir='ltr'>odio</span> 
     </span>
     <span class='ocr_line' id='line_1_28' title="bbox 340 3546 1334 3613; baseline -0.007 -1"><span class='ocrx_word' id='word_1_141' title='bbox 340 3566 406 3613; x_wconf 86' lang='lat' dir='ltr'>et</span> <span class='ocrx_word' id='word_1_142' title='bbox 434 3554 523 3611; x_wconf 85' lang='lat' dir='ltr'>ira</span> <span class='ocrx_word' id='word_1_143' title='bbox 555 3546 836 3610; x_wconf 85' lang='lat' dir='ltr'>incensae</span> <span class='ocrx_word' id='word_1_144' title='bbox 869 3547 1156 3609; x_wconf 82' lang='lat' dir='ltr'>mulieres</span> <span class='ocrx_word' id='word_1_145' title='bbox 1187 3568 1334 3608; x_wconf 88' lang='lat' dir='ltr'>eum</span> 
     </span>
     <span class='ocr_line' id='line_1_29' title="bbox 346 3649 1336 3740; baseline -0.007 -24"><span class='ocrx_word' id='word_1_146' title='bbox 346 3655 748 3715; x_wconf 85' lang='lat' dir='ltr'>dilaniarunt:</span> <span class='ocrx_word' id='word_1_147' title='bbox 809 3671 932 3740; x_wconf 79' lang='lat' dir='ltr'>qua</span> <span class='ocrx_word' id='word_1_148' title='bbox 959 3651 1038 3713; x_wconf 89' lang='lat' dir='ltr'>de</span> <span class='ocrx_word' id='word_1_149' title='bbox 1078 3672 1146 3711; x_wconf 87' lang='lat' dir='ltr'>re</span> <span class='ocrx_word' id='word_1_150' title='bbox 1172 3649 1336 3711; x_wconf 86' lang='lat' dir='ltr'>Pha-</span> 
     </span>
     <span class='ocr_line' id='line_1_30' title="bbox 344 3752 1338 3836; baseline -0.005 -16"><span class='ocrx_word' id='word_1_151' title='bbox 344 3757 541 3820; x_wconf 73' lang='lat' dir='ltr'>noclis</span> <span class='ocrx_word' id='word_1_152' title='bbox 571 3753 772 3816; x_wconf 84' lang='lat' dir='ltr'>versus</span> <span class='ocrx_word' id='word_1_153' title='bbox 806 3775 905 3836; x_wconf 85' lang='lat' dir='ltr'>ap.</span> <span class='ocrx_word' id='word_1_154' title='bbox 944 3752 1338 3816; x_wconf 81' lang='lat' dir='ltr'>Athenaeum</span> 
     </span>
     <span class='ocr_line' id='line_1_31' title="bbox 346 3858 1340 3940; baseline -0.007 -16"><span class='ocrx_word' id='word_1_155' title='bbox 346 3865 488 3924; x_wconf 79' lang='lat' dir='ltr'>noti</span> <span class='ocrx_word' id='word_1_156' title='bbox 529 3858 694 3931; x_wconf 86' lang='lat' dir='ltr'>sunt,</span> <span class='ocrx_word' id='word_1_157' title='bbox 761 3878 917 3940; x_wconf 75' lang='lat' dir='ltr'>quos</span> <span class='ocrx_word' id='word_1_158' title='bbox 958 3878 1163 3939; x_wconf 88' lang='lat' dir='ltr'>nuper</span> <span class='ocrx_word' id='word_1_159' title='bbox 1202 3858 1340 3920; x_wconf 85' lang='lat' dir='ltr'>illu·</span> 
     </span>
    </p>
   </div>
   <div class='ocr_carea' id='block_1_6' title="bbox 220 3955 1337 4044">
    <p class='ocr_par' dir='ltr' id='par_1_7' title="bbox 220 3955 1337 4044">
     <span class='ocr_line' id='line_1_32' title="bbox 220 3955 1337 4044; baseline -0.003 -19"><span class='ocrx_word' id='word_1_160' title='bbox 220 4037 227 4044; x_wconf 15' lang='grc' dir='ltr'><strong>Κ</strong></span> <span class='ocrx_word' id='word_1_161' title='bbox 347 3961 563 4025; x_wconf 74' lang='lat' dir='ltr'>stratos</span> <span class='ocrx_word' id='word_1_162' title='bbox 592 3960 763 4023; x_wconf 88' lang='lat' dir='ltr'>dedit</span> <span class='ocrx_word' id='word_1_163' title='bbox 784 3957 1035 4023; x_wconf 83' lang='lat' dir='ltr'>Ruhnk.</span> <span class='ocrx_word' id='word_1_164' title='bbox 1066 3964 1135 4021; x_wconf 87' lang='lat' dir='ltr'>in</span> <span class='ocrx_word' id='word_1_165' title='bbox 1152 3955 1337 4043; x_wconf 83' lang='lat' dir='ltr'>Epist.</span> 
     </span>
    </p>
   </div>
   <div class='ocr_carea' id='block_1_7' title="bbox 351 4063 733 4128">
    <p class='ocr_par' dir='ltr' id='par_1_8' title="bbox 351 4063 733 4128">
     <span class='ocr_line' id='line_1_33' title="bbox 351 4063 733 4128; baseline -0.008 -1"><span class='ocrx_word' id='word_1_166' title='bbox 351 4067 504 4128; x_wconf 88' lang='lat' dir='ltr'>Crit.</span> <span class='ocrx_word' id='word_1_167' title='bbox 541 4063 648 4128; x_wconf 89' lang='lat' dir='ltr'>sub</span> <span class='ocrx_word' id='word_1_168' title='bbox 687 4063 733 4125; x_wconf 82' lang='lat' dir='ltr'>f.</span> 
     </span>
    </p>
   </div>
   <div class='ocr_carea' id='block_1_8' title="bbox 338 4185 1348 4385">
    <p class='ocr_par' dir='ltr' id='par_1_9' title="bbox 338 4185 1348 4385">
     <span class='ocr_line' id='line_1_34' title="bbox 442 4185 1348 4255; baseline -0.003 -6"><span class='ocrx_word' id='word_1_169' title='bbox 442 4185 592 4249; x_wconf 79' lang='lat'>523.</span> <span class='ocrx_word' id='word_1_170' title='bbox 649 4205 1025 4247; x_wconf 81' lang='lat' dir='ltr'>marmorea</span> <span class='ocrx_word' id='word_1_171' title='bbox 1068 4188 1348 4255; x_wconf 79' lang='lat' dir='ltr'>ceruice,</span> 
     </span>
     <span class='ocr_line' id='line_1_35' title="bbox 338 4288 1348 4385; baseline 0.006 -39"><span class='ocrx_word' id='word_1_172' title='bbox 338 4288 641 4380; x_wconf 22' lang='lat' dir='ltr'>&#39;candida</span> <span class='ocrx_word' id='word_1_173' title='bbox 671 4305 738 4352; x_wconf 80' lang='lat' dir='ltr'>vt</span> <span class='ocrx_word' id='word_1_174' title='bbox 765 4289 945 4375; x_wconf 85' lang='lat' dir='ltr'>saepe</span> <span class='ocrx_word' id='word_1_175' title='bbox 968 4291 1069 4356; x_wconf 85' lang='lat' dir='ltr'>alii</span> <span class='ocrx_word' id='word_1_176' title='bbox 1084 4305 1348 4385; x_wconf 62' lang='lat' dir='ltr'>poetae.</span> 
     </span>
    </p>
   </div>
   <div class='ocr_carea' id='block_1_9' title="bbox 1146 1562 2394 1830">
    <p class='ocr_par' dir='ltr' id='par_1_10' title="bbox 1146 1562 2394 1830">
     <span class='ocr_line' id='line_1_36' title="bbox 1146 1562 1796 1655; baseline -0.002 -19"><span class='ocrx_word' id='word_1_177' title='bbox 1146 1562 1440 1655; x_wconf 53' lang='lat' dir='ltr'>repulsum.</span> <span class='ocrx_word' id='word_1_178' title='bbox 1461 1582 1676 1652; x_wconf 72' lang='lat' dir='ltr'>Menag.</span> <span class='ocrx_word' id='word_1_179' title='bbox 1717 1601 1796 1655; x_wconf 90' lang='lat' dir='ltr'>pr.</span> 
     </span>
     <span class='ocr_line' id='line_1_37' title="bbox 1236 1667 2394 1743; baseline 0.002 -19"><span class='ocrx_word' id='word_1_180' title='bbox 1236 1670 1340 1724; x_wconf 75' lang='lat'>526</span> <span class='ocrx_word' id='word_1_181' title='bbox 1376 1670 1470 1720; x_wconf 72' lang='lat' dir='ltr'>Ha</span> <span class='ocrx_word' id='word_1_182' title='bbox 1500 1667 1669 1720; x_wconf 82' lang='lat' dir='ltr'>multi.</span> <span class='ocrx_word' id='word_1_183' title='bbox 1740 1667 2016 1740; x_wconf 66' lang='lat' dir='ltr'>Amss&#39;am</span> <span class='ocrx_word' id='word_1_184' title='bbox 2042 1668 2139 1723; x_wconf 82' lang='lat' dir='ltr'>sec.</span> <span class='ocrx_word' id='word_1_185' title='bbox 2174 1671 2394 1743; x_wconf 81' lang='lat' dir='ltr'>Menag.</span> 
     </span>
     <span class='ocr_line' id='line_1_38' title="bbox 1278 1752 2393 1830; baseline 0.002 -23"><span class='ocrx_word' id='word_1_186' title='bbox 1278 1754 1381 1808; x_wconf 80' lang='lat'>528</span> <span class='ocrx_word' id='word_1_187' title='bbox 1418 1761 1573 1807; x_wconf 71' lang='lat' dir='ltr'>iaceo</span> <span class='ocrx_word' id='word_1_188' title='bbox 1605 1752 1752 1807; x_wconf 86' lang='lat' dir='ltr'>Gud.</span> <span class='ocrx_word' id='word_1_189' title='bbox 1780 1772 1812 1807; x_wconf 84' lang='lat' dir='ltr'>a</span> <span class='ocrx_word' id='word_1_190' title='bbox 1834 1772 1906 1808; x_wconf 85' lang='lat' dir='ltr'>m.</span> <span class='ocrx_word' id='word_1_191' title='bbox 1936 1773 2016 1828; x_wconf 84' lang='lat' dir='ltr'>pr.</span> <span class='ocrx_word' id='word_1_192' title='bbox 2118 1756 2225 1830; x_wconf 72' lang='lat'>5³9</span> <span class='ocrx_word' id='word_1_193' title='bbox 2254 1777 2393 1813; x_wconf 74' lang='lat' dir='ltr'>vor·</span> 
     </span>
    </p>
   </div>
   <div class='ocr_carea' id='block_1_10' title="bbox 1900 1582 2388 1653">
    <p class='ocr_par' dir='ltr' id='par_1_11' title="bbox 1900 1582 2388 1653">
     <span class='ocr_line' id='line_1_39' title="bbox 1900 1582 2388 1653; baseline 0.01 -19"><span class='ocrx_word' id='word_1_194' title='bbox 1900 1582 2135 1653; x_wconf 52' lang='lat' dir='ltr'>recisum</span> <span class='ocrx_word' id='word_1_195' title='bbox 2175 1585 2388 1639; x_wconf 72' lang='lat' dir='ltr'>Vratisl.</span> 
     </span>
    </p>
   </div>
   <div class='ocr_carea' id='block_1_11' title="bbox 1396 1995 2400 3426">
    <p class='ocr_par' dir='ltr' id='par_1_12' title="bbox 1396 1995 2400 3426">
     <span class='ocr_line' id='line_1_40' title="bbox 1397 1995 2393 2065; baseline 0.007 -7"><span class='ocrx_word' id='word_1_196' title='bbox 1397 2018 1456 2058; x_wconf 82' lang='lat' dir='ltr'>v.</span> <span class='ocrx_word' id='word_1_197' title='bbox 1500 1995 1723 2061; x_wconf 88' lang='lat' dir='ltr'>Cerda.</span> <span class='ocrx_word' id='word_1_198' title='bbox 1840 1999 2128 2058; x_wconf 88' lang='lat' dir='ltr'>Lucretio</span> <span class='ocrx_word' id='word_1_199' title='bbox 2175 1998 2393 2065; x_wconf 83' lang='lat' dir='ltr'>deberi</span> 
     </span>
     <span class='ocr_line' id='line_1_41' title="bbox 1396 2098 2391 2178; baseline 0.006 -17"><span class='ocrx_word' id='word_1_200' title='bbox 1396 2100 1643 2173; x_wconf 81' lang='lat' dir='ltr'>videtur</span> <span class='ocrx_word' id='word_1_201' title='bbox 1671 2114 1734 2161; x_wconf 89' lang='lat' dir='ltr'>et</span> <span class='ocrx_word' id='word_1_202' title='bbox 1762 2098 1917 2178; x_wconf 78' lang='lat' dir='ltr'>hoc3</span> <span class='ocrx_word' id='word_1_203' title='bbox 1984 2115 2090 2161; x_wconf 90' lang='lat' dir='ltr'>aut</span> <span class='ocrx_word' id='word_1_204' title='bbox 2115 2100 2277 2164; x_wconf 81' lang='lat' dir='ltr'>forte</span> <span class='ocrx_word' id='word_1_205' title='bbox 2308 2126 2391 2167; x_wconf 86' lang='lat' dir='ltr'>eo</span> 
     </span>
     <span class='ocr_line' id='line_1_42' title="bbox 1400 2201 2392 2289; baseline 0.004 -24"><span class='ocrx_word' id='word_1_206' title='bbox 1400 2201 1883 2289; x_wconf 84' lang='lat' dir='ltr'>antiquioribus;</span> <span class='ocrx_word' id='word_1_207' title='bbox 1913 2222 2061 2263; x_wconf 86' lang='lat' dir='ltr'>nam</span> <span class='ocrx_word' id='word_1_208' title='bbox 2088 2207 2210 2263; x_wconf 87' lang='lat' dir='ltr'>iam</span> <span class='ocrx_word' id='word_1_209' title='bbox 2222 2206 2392 2268; x_wconf 77' lang='lat' dir='ltr'>Nae-</span> 
     </span>
     <span class='ocr_line' id='line_1_43' title="bbox 1400 2305 2389 2390; baseline 0.007 -23"><span class='ocrx_word' id='word_1_210' title='bbox 1400 2312 1532 2367; x_wconf 79' lang='lat' dir='ltr'>vius</span> <span class='ocrx_word' id='word_1_211' title='bbox 1559 2311 1627 2367; x_wconf 89' lang='lat' dir='ltr'>in</span> <span class='ocrx_word' id='word_1_212' title='bbox 1641 2307 1869 2390; x_wconf 79' lang='lat' dir='ltr'>Cypria</span> <span class='ocrx_word' id='word_1_213' title='bbox 1896 2305 2090 2367; x_wconf 85' lang='lat' dir='ltr'>Iliade</span> <span class='ocrx_word' id='word_1_214' title='bbox 2122 2308 2389 2374; x_wconf 84' lang='lat' dir='ltr'>dixerat:</span> 
     </span>
     <span class='ocr_line' id='line_1_44' title="bbox 1403 2410 2395 2476; baseline -0.008 -5"><span class='ocrx_word' id='word_1_215' title='bbox 1403 2410 1658 2471; x_wconf 80' lang='lat' dir='ltr'>Collum</span> <span class='ocrx_word' id='word_1_216' title='bbox 1730 2424 2196 2472; x_wconf 72' lang='lat' dir='ltr'>marmoreum*</span> <span class='ocrx_word' id='word_1_217' title='bbox 2256 2429 2395 2476; x_wconf 82' lang='lat' dir='ltr'>tor.</span> 
     </span>
     <span class='ocr_line' id='line_1_45' title="bbox 1402 2528 2389 2600; baseline 0.007 -27"><span class='ocrx_word' id='word_1_218' title='bbox 1402 2535 1563 2600; x_wconf 78' lang='lat' dir='ltr'>ques</span> <span class='ocrx_word' id='word_1_219' title='bbox 1647 2528 1987 2593; x_wconf 80' lang='lat' dir='ltr'>gemmata</span> <span class='ocrx_word' id='word_1_220' title='bbox 2110 2533 2389 2584; x_wconf 81' lang='lat' dir='ltr'>coercet.</span> 
     </span>
     <span class='ocr_line' id='line_1_46' title="bbox 1401 2617 2393 2698; baseline 0.005 -19"><span class='ocrx_word' id='word_1_221' title='bbox 1401 2623 1550 2698; x_wconf 74' lang='lat'>524.</span> <span class='ocrx_word' id='word_1_222' title='bbox 1575 2617 1840 2678; x_wconf 81' lang='lat' dir='ltr'>Hebrus</span> <span class='ocrx_word' id='word_1_223' title='bbox 1885 2620 2246 2697; x_wconf 80' lang='lat' dir='ltr'>Oeagrius,</span> <span class='ocrx_word' id='word_1_224' title='bbox 2313 2622 2393 2684; x_wconf 87' lang='lat' dir='ltr'>ab</span> 
     </span>
     <span class='ocr_line' id='line_1_47' title="bbox 1406 2720 2396 2806; baseline 0.001 -23"><span class='ocrx_word' id='word_1_225' title='bbox 1406 2724 1695 2806; x_wconf 83' lang='lat' dir='ltr'>Oeagro,</span> <span class='ocrx_word' id='word_1_226' title='bbox 1733 2720 2035 2783; x_wconf 88' lang='lat' dir='ltr'>Thraciae</span> <span class='ocrx_word' id='word_1_227' title='bbox 2063 2742 2231 2805; x_wconf 82' lang='lat' dir='ltr'>rege,</span> <span class='ocrx_word' id='word_1_228' title='bbox 2275 2725 2396 2784; x_wconf 91' lang='lat' dir='ltr'>Or-</span> 
     </span>
     <span class='ocr_line' id='line_1_48' title="bbox 1403 2823 2396 2908; baseline 0.005 -23"><span class='ocrx_word' id='word_1_229' title='bbox 1403 2823 1556 2908; x_wconf 86' lang='lat' dir='ltr'>phei</span> <span class='ocrx_word' id='word_1_230' title='bbox 1597 2840 1793 2907; x_wconf 88' lang='lat' dir='ltr'>patre.</span> <span class='ocrx_word' id='word_1_231' title='bbox 1905 2826 2113 2906; x_wconf 85' lang='lat' dir='ltr'>Caput</span> <span class='ocrx_word' id='word_1_232' title='bbox 2152 2825 2396 2908; x_wconf 81' lang='lat' dir='ltr'>Orphei</span> 
     </span>
     <span class='ocr_line' id='line_1_49' title="bbox 1405 2924 2396 3020; baseline 0.008 -33"><span class='ocrx_word' id='word_1_233' title='bbox 1405 2933 1476 3020; x_wconf 80' lang='lat' dir='ltr'>in</span> <span class='ocrx_word' id='word_1_234' title='bbox 1509 2949 1680 2990; x_wconf 88' lang='lat' dir='ltr'>mare</span> <span class='ocrx_word' id='word_1_235' title='bbox 1738 2943 1804 2989; x_wconf 90' lang='lat' dir='ltr'>et</span> <span class='ocrx_word' id='word_1_236' title='bbox 1841 2924 1987 2987; x_wconf 88' lang='lat' dir='ltr'>hinc</span> <span class='ocrx_word' id='word_1_237' title='bbox 2028 2932 2097 2988; x_wconf 86' lang='lat' dir='ltr'>in</span> <span class='ocrx_word' id='word_1_238' title='bbox 2124 2930 2396 2996; x_wconf 82' lang='lat' dir='ltr'>Lesbum</span> 
     </span>
     <span class='ocr_line' id='line_1_50' title="bbox 1408 3029 2398 3116; baseline 0.005 -24"><span class='ocrx_word' id='word_1_239' title='bbox 1408 3032 1688 3093; x_wconf 86' lang='lat' dir='ltr'>delatum</span> <span class='ocrx_word' id='word_1_240' title='bbox 1766 3029 1980 3116; x_wconf 87' lang='lat' dir='ltr'>ibique</span> <span class='ocrx_word' id='word_1_241' title='bbox 2052 3030 2398 3114; x_wconf 87' lang='lat' dir='ltr'>sepultum:</span> 
     </span>
     <span class='ocr_line' id='line_1_51' title="bbox 1409 3126 2397 3219; baseline 0.004 -25"><span class='ocrx_word' id='word_1_242' title='bbox 1409 3137 1641 3219; x_wconf 83' lang='lat' dir='ltr'>Hygin.</span> <span class='ocrx_word' id='word_1_243' title='bbox 1705 3137 1884 3196; x_wconf 90' lang='lat' dir='ltr'>Poet.</span> <span class='ocrx_word' id='word_1_244' title='bbox 1938 3130 2180 3199; x_wconf 79' lang='lat' dir='ltr'>Astron.</span> <span class='ocrx_word' id='word_1_245' title='bbox 2227 3126 2309 3207; x_wconf 85' lang='lat'>11,</span> <span class='ocrx_word' id='word_1_246' title='bbox 2353 3159 2397 3218; x_wconf 86' lang='lat'>7</span> 
     </span>
     <span class='ocr_line' id='line_1_52' title="bbox 1410 3236 2400 3318; baseline 0.001 -18"><span class='ocrx_word' id='word_1_247' title='bbox 1410 3239 1578 3318; x_wconf 84' lang='lat' dir='ltr'>vnde</span> <span class='ocrx_word' id='word_1_248' title='bbox 1619 3237 1707 3299; x_wconf 87' lang='lat' dir='ltr'>ibi</span> <span class='ocrx_word' id='word_1_249' title='bbox 1763 3236 1960 3299; x_wconf 82' lang='lat' dir='ltr'>suauis</span> <span class='ocrx_word' id='word_1_250' title='bbox 2011 3238 2400 3301; x_wconf 83' lang='lat' dir='ltr'>lusciniarum</span> 
     </span>
     <span class='ocr_line' id='line_1_53' title="bbox 1414 3341 2399 3426; baseline 0.006 -26"><span class='ocrx_word' id='word_1_251' title='bbox 1414 3358 1631 3403; x_wconf 75' lang='lat' dir='ltr'>cantus</span> <span class='ocrx_word' id='word_1_252' title='bbox 1703 3341 1982 3423; x_wconf 77' lang='lat' dir='ltr'>proditus</span> <span class='ocrx_word' id='word_1_253' title='bbox 2049 3357 2146 3424; x_wconf 84' lang='lat' dir='ltr'>ap.</span> <span class='ocrx_word' id='word_1_254' title='bbox 2188 3343 2399 3426; x_wconf 77' lang='lat' dir='ltr'>Antig.</span> 
     </span>
    </p>
   </div>
   <div class='ocr_carea' id='block_1_12' title="bbox 1415 3440 2404 3612">
    <p class='ocr_par' dir='ltr' id='par_1_13' title="bbox 1415 3440 2404 3612">
     <span class='ocr_line' id='line_1_54' title="bbox 1416 3440 2401 3528; baseline 0.003 -23"><span class='ocrx_word' id='word_1_255' title='bbox 1416 3440 1645 3528; x_wconf 75' lang='lat' dir='ltr'>Caryst.</span> <span class='ocrx_word' id='word_1_256' title='bbox 1690 3447 1750 3507; x_wconf 87' lang='lat'>5.</span> <span class='ocrx_word' id='word_1_257' title='bbox 1801 3443 1993 3525; x_wconf 88' lang='lat' dir='ltr'>Quod</span> <span class='ocrx_word' id='word_1_258' title='bbox 2035 3443 2115 3507; x_wconf 85' lang='lat' dir='ltr'>de</span> <span class='ocrx_word' id='word_1_259' title='bbox 2159 3444 2401 3527; x_wconf 86' lang='lat' dir='ltr'>Orphei</span> 
     </span>
     <span class='ocr_line' id='line_1_55' title="bbox 1415 3545 2404 3612; baseline 0.004 -4"><span class='ocrx_word' id='word_1_260' title='bbox 1415 3549 1654 3608; x_wconf 86' lang='lat' dir='ltr'>tumulo</span> <span class='ocrx_word' id='word_1_261' title='bbox 1697 3550 1765 3608; x_wconf 84' lang='lat' dir='ltr'>in</span> <span class='ocrx_word' id='word_1_262' title='bbox 1789 3545 2054 3607; x_wconf 78' lang='lat' dir='ltr'>Thracia</span> <span class='ocrx_word' id='word_1_263' title='bbox 2097 3550 2404 3612; x_wconf 78' lang='lat' dir='ltr'>tradidero</span> 
     </span>
    </p>
   </div>
   <div class='ocr_carea' id='block_1_13' title="bbox 1418 3648 2423 4375">
    <p class='ocr_par' dir='ltr' id='par_1_14' title="bbox 1418 3648 2405 3837">
     <span class='ocr_line' id='line_1_56' title="bbox 1418 3648 2405 3739; baseline 0.002 -27"><span class='ocrx_word' id='word_1_264' title='bbox 1418 3652 1524 3712; x_wconf 88' lang='lat' dir='ltr'>alii</span> <span class='ocrx_word' id='word_1_265' title='bbox 1563 3672 1661 3733; x_wconf 87' lang='lat' dir='ltr'>ap.</span> <span class='ocrx_word' id='word_1_266' title='bbox 1699 3648 1955 3712; x_wconf 87' lang='lat' dir='ltr'>Pausan.</span> <span class='ocrx_word' id='word_1_267' title='bbox 1984 3649 2098 3728; x_wconf 85' lang='lat' dir='ltr'>lx,</span> <span class='ocrx_word' id='word_1_268' title='bbox 2124 3654 2228 3718; x_wconf 81' lang='lat'>30.</span> <span class='ocrx_word' id='word_1_269' title='bbox 2258 3674 2405 3739; x_wconf 82' lang='lat' dir='ltr'>pag.</span> 
     </span>
     <span class='ocr_line' id='line_1_57' title="bbox 1418 3757 1569 3837; baseline -0.013 0"><span class='ocrx_word' id='word_1_270' title='bbox 1418 3757 1569 3837; x_wconf 86' lang='lat'><strong>769·</strong></span> 
     </span>
    </p>

    <p class='ocr_par' dir='ltr' id='par_1_15' title="bbox 1421 3872 2423 4375">
     <span class='ocr_line' id='line_1_58' title="bbox 1506 3872 2414 3955; baseline 0.004 -22"><span class='ocrx_word' id='word_1_271' title='bbox 1506 3875 1653 3955; x_wconf 75' lang='lat'>529.</span> <span class='ocrx_word' id='word_1_272' title='bbox 1666 3872 1803 3952; x_wconf 83' lang='lat' dir='ltr'>sub</span> <span class='ocrx_word' id='word_1_273' title='bbox 1841 3874 2113 3942; x_wconf 75' lang='lat' dir='ltr'>vertice,</span> <span class='ocrx_word' id='word_1_274' title='bbox 2150 3891 2287 3938; x_wconf 83' lang='lat' dir='ltr'>non</span> <span class='ocrx_word' id='word_1_275' title='bbox 2314 3895 2414 3937; x_wconf 80' lang='lat' dir='ltr'>ca·</span> 
     </span>
     <span class='ocr_line' id='line_1_59' title="bbox 1421 3975 2414 4061; baseline 0.003 -23"><span class='ocrx_word' id='word_1_276' title='bbox 1421 3981 1605 4060; x_wconf 76' lang='lat' dir='ltr'>pitia,</span> <span class='ocrx_word' id='word_1_277' title='bbox 1690 3975 1827 4051; x_wconf 85' lang='lat' dir='ltr'>sed,</span> <span class='ocrx_word' id='word_1_278' title='bbox 1869 3992 1970 4038; x_wconf 75' lang='lat' dir='ltr'>,vt</span> <span class='ocrx_word' id='word_1_279' title='bbox 2008 3978 2195 4061; x_wconf 81' lang='lat' dir='ltr'>vulgo</span> <span class='ocrx_word' id='word_1_280' title='bbox 2241 3999 2414 4041; x_wconf 87' lang='lat' dir='ltr'>nunc</span> 
     </span>
     <span class='ocr_line' id='line_1_60' title="bbox 1423 4084 2419 4166; baseline 0.004 -26"><span class='ocrx_word' id='word_1_281' title='bbox 1423 4084 1832 4163; x_wconf 82' lang='lat' dir='ltr'>pronuntiant</span> <span class='ocrx_word' id='word_1_282' title='bbox 1845 4123 1867 4154; x_wconf 89' lang='lat'><em>,</em></span> <span class='ocrx_word' id='word_1_283' title='bbox 1911 4084 2177 4155; x_wconf 85' lang='lat' dir='ltr'>vortice,</span> <span class='ocrx_word' id='word_1_284' title='bbox 2229 4104 2419 4166; x_wconf 86' lang='lat' dir='ltr'>quem</span> 
     </span>
     <span class='ocr_line' id='line_1_61' title="bbox 1426 4182 2418 4269; baseline 0.001 -24"><span class='ocrx_word' id='word_1_285' title='bbox 1426 4200 1598 4247; x_wconf 86' lang='lat' dir='ltr'>mota</span> <span class='ocrx_word' id='word_1_286' title='bbox 1654 4189 1785 4248; x_wconf 83' lang='lat' dir='ltr'>eius</span> <span class='ocrx_word' id='word_1_287' title='bbox 1825 4182 2051 4247; x_wconf 83' lang='lat' dir='ltr'>insultu</span> <span class='ocrx_word' id='word_1_288' title='bbox 2091 4206 2250 4269; x_wconf 85' lang='lat' dir='ltr'>aqua</span> <span class='ocrx_word' id='word_1_289' title='bbox 2291 4190 2418 4247; x_wconf 83' lang='lat' dir='ltr'>cie-</span> 
     </span>
     <span class='ocr_line' id='line_1_62' title="bbox 1427 4287 2423 4375; baseline -0.004 -21"><span class='ocrx_word' id='word_1_290' title='bbox 1427 4288 1570 4354; x_wconf 81' lang='lat' dir='ltr'>bat:</span> <span class='ocrx_word' id='word_1_291' title='bbox 1649 4288 1811 4375; x_wconf 76' lang='grc' dir='ltr'><strong><em>δίνη,</em></strong></span> <span class='ocrx_word' id='word_1_292' title='bbox 1878 4304 2166 4354; x_wconf 81' lang='lat' dir='ltr'>contorta</span> <span class='ocrx_word' id='word_1_293' title='bbox 2218 4293 2288 4354; x_wconf 81' lang='lat' dir='ltr'>in</span> <span class='ocrx_word' id='word_1_294' title='bbox 2361 4287 2423 4352; x_wconf 85' lang='lat' dir='ltr'>se</span> 
     </span>
    </p>
   </div>
  </div>
 </body>
</html>
