3075 5114
629 341 781 452 356
1043 344 1129 418 P.
1184 344 1685 422 v1Ro1L11
1743 344 2272 421 MAnoms

624 533 866 630 Saepe
920 535 1153 614 etiam,
1192 531 1609 607 inmensum
1657 535 1876 609 coelo
1927 538 2131 608 venit
2168 556 2438 633 agmen
2480 555 2709 633 aqua-

1938 693 2128 759 rum,

620 802 716 873 Et
763 795 1067 874 foedam
1116 786 1533 900 glomerant
1573 798 2083 903 tempestatem
2124 801 2488 878 imbribus
2531 807 2705 878 atris

625 933 1038 1008 Conlectae
1091 961 1185 1008 ex
1227 935 1380 1009 alto
1436 937 1714 1026 nubes3
1802 942 1951 1009 ruit
1992 938 2267 1012 arduus
2316 940 2597 1029 aether,

618 1074 715 1144 Et
756 1069 1016 1169 pluuia
1051 1073 1337 1169 ingenti
1375 1069 1522 1144 sata
1559 1072 1756 1148 laeta
1792 1071 2180 1172 boumque
2208 1072 2507 1149 labores
2550 1071 2701 1148 325

757 1262 860 1315 322
898 1279 971 1312 ex
1011 1260 1172 1311 caelo
1226 1259 1441 1330 Menng.
1499 1281 1580 1334 pr.
1676 1283 1707 1315 e
1749 1263 1907 1316 caelo
1960 1264 2044 1317 ed.
2092 1265 2229 1317 Ven.

618 1345 799 1402 Schol.
831 1345 985 1398 Statii
1012 1344 1185 1398 Theb.
1218 1347 1257 1406 Ι,
1286 1347 1422 1408 356,
1472 1347 1562 1400 sed
1595 1348 1698 1400 vid.
1730 1350 1911 1402 Burm.
2071 1353 2174 1406 325
2210 1353 2338 1406 Aen.
2369 1354 2433 1413 11,
2467 1353 2568 1406 306
2607 1371 2699 1403 ra·

616 1432 791 1506 pidus
854 1446 1128 1483 montano
1182 1431 1432 1500 flumine
1483 1449 1708 1488 torrens
1755 1436 1966 1492 Sternit
2019 1456 2217 1511 agros,
2297 1436 2513 1510 sternit
2555 1436 2703 1509 sata

618 1521 777 1574 laeta
817 1520 1100 1588 boumque
1137 1517 1383 1570 labores.

2331 1273 2444 1318 ruit
2496 1283 2702 1337 agmen

609 1680 820 1749 venit,
866 1695 940 1736 ex
967 1688 1145 1755 parte
1185 1689 1432 1749 tamen,
1476 1694 1614 1737 non
1696 1676 1840 1737 alto
1882 1677 2090 1737 nubes
2121 1679 2439 1738 collectae
2470 1680 2691 1742 Seruio

608 1779 888 1863 prorsus,
932 1778 1150 1837 Horat.
1196 1778 1389 1844 Serm.
1434 1780 1513 1852 11,
1549 1801 1609 1852 2,
1694 1777 1832 1839 sunt
1861 1799 1898 1838 a
1939 1780 2410 1862 septemtrione:
2463 1803 2519 1843 v.
2561 1781 2691 1863 sup.

620 1891 742 1962 124
824 1879 935 1941 Ae
1000 1896 1328 1939 venerata
1394 1883 1607 1951 Ceres,

608 1989 713 2046 ita
785 1985 1000 2044 culmo
1066 1983 1386 2062 surgeret
1463 1984 1605 2042 alto

607 2089 951 2168 Explicuit
1008 2088 1167 2145 vino
1217 2101 1605 2145 contractae

586 2191 782 2269 seria
810 2190 1087 2268 frontis.
1141 2188 1245 2248 vbi
1272 2189 1472 2249 Bentl.
1516 2192 1602 2247 ita

604 2292 727 2354 scil.
758 2307 825 2351 vt
853 2296 974 2351 iam
1003 2312 1174 2351 nunc
1203 2292 1408 2374 surgit.
1480 2291 1603 2350 Im-

506 2397 513 2414 ‘
601 2416 711 2458 mo
755 2415 904 2457 vero
948 2392 1035 2455 est
1090 2399 1357 2474 petitum
1396 2416 1433 2454 a
1477 2395 1602 2455 for-

602 2499 773 2561 mula
843 2497 1171 2580 precandi,
1234 2495 1600 2560 obtestandi.

602 2607 692 2663 ita
734 2616 809 2661 vt·
841 2621 1013 2662 nunc
1049 2615 1370 2683 precatur,
1442 2605 1601 2663 votis

600 2710 856 2789 expetit.

687 2813 835 2873 522.
891 2810 1248 2869 Praeiuerat
1287 2807 1460 2868 locus
1504 2811 1602 2868 in-

598 2910 782 2997 fignis
819 2914 1079 2973 Homeri
1108 2911 1176 2969 11.
1209 2930 1279 2983 π’,
1311 2913 1435 2973 385
1467 2909 1596 2993 sqq.

597 3007 782 3102 ἤματ’
834 3012 1133 3100 ὀπωρινῷ,
1210 3001 1313 3077 ’ὅτε
1364 3006 1597 3097 λαβρό-

590 3142 782 3184 τατον
861 3118 1003 3199 χέει
1085 3105 1234 3200 ὕδωρ
1287 3109 1441 3184 Ζεῦς
1506 3115 1594 3198 sq.

596 3244 741 3282 cum
798 3222 1044 3283 Lucret.
1106 3219 1227 3289 vl,
1288 3220 1410 3281 255
1460 3217 1591 3301 sqq.

595 3327 962 3385 Praeterea
1068 3322 1387 3405 persaepe
1461 3320 1591 3404 sqq.

594 3448 841 3506 agmen
887 3414 1214 3508 alluat-nm
1269 3427 1348 3486 de
1394 3420 1593 3485 imbre

594 3530 787 3593 denso
878 3534 1225 3612 ingruente.
1362 3531 1590 3601 venie,

592 3640 752 3703 ruit;
841 3634 1068 3692 venire
1153 3635 1322 3692 enim
1403 3636 1594 3692 etiam

593 3738 717 3800 hoc
771 3735 944 3798 sensu
1000 3735 1135 3796 satis
1196 3727 1417 3816 greue‘
1454 3756 1591 3797 ver-

590 3842 763 3903 bum.
852 3841 1149 3902 Veniunt
1179 3836 1407 3914 hostes,
1441 3837 1593 3897 bar-

589 3944 781 4013 bari,
893 3947 1002 4025 qui
1084 3946 1407 4022 :impetum
1497 3941 1591 4002 fa·

590 4052 765 4109 ciunt
804 4061 959 4119 etc.,
1016 4060 1082 4106 vt
1126 4046 1342 4106 docuit
1379 4042 1586 4106 Burm.

588 4149 652 4212 h.
698 4153 740 4211 1.
791 4165 856 4210 et
911 4145 990 4208 ed
1046 4146 1304 4211 Phaedr.
1357 4148 1420 4221 Ι,
1484 4169 1585 4210 21.

590 4255 666 4319 cf.
712 4254 869 4357 Aen.
912 4250 1012 4328 X,
1055 4254 1203 4329 456.
1304 4255 1454 4333 524.
1501 4273 1589 4313 ex

1693 1901 1751 1939 v.
1814 1890 1972 1959 240,
2062 1884 2233 1965 quod
2288 1885 2453 1945 forte
2505 1887 2691 1943 nimis

1693 1981 1963 2042 doctum.
2048 1986 2190 2052 Alii.
2237 2001 2303 2045 vt
2345 1985 2534 2044 Iulius
2580 1987 2690 2043 Sa-

1689 2083 1907 2158 binus,
1990 2106 2028 2147 e
2090 2091 2285 2169 mari3
2374 2087 2546 2169 quod
2615 2090 2687 2147 in

1685 2203 1961 2248 mentem
2029 2193 2242 2250 venire
2313 2185 2547 2270 potest,
2633 2183 2681 2248 fi

1684 2289 1921 2348 Italiam
1960 2296 2211 2374 cogites.
2316 2286 2684 2372 simplicitu-

1683 2414 1852 2453 mum
1901 2391 2022 2467 est,
2108 2396 2322 2455 alcum
2378 2397 2457 2456 de
2501 2395 2676 2456 caelo

1684 2497 2064 2581 intelligere3
2122 2520 2198 2561 ex
2244 2520 2385 2561 aere
2432 2497 2681 2560 descen-

1686 2601 1845 2662 dunt
1965 2618 2319 2664 contractae
2429 2602 2676 2684 nube83

1685 2704 1794 2763 inf.
1819 2707 1947 2783 443
2000 2722 2196 2785 ‘vt-get
2233 2706 2323 2765 ab
2363 2706 2504 2766 alto
2538 2706 2676 2764 No-

1685 2821 1809 2870 tus.
1873 2812 2085 2891 itaque
2146 2813 2282 2869 ruit
2336 2808 2569 2868 aether
2613 2806 2675 2868 h.

1681 2910 1881 2971 nubes
1916 2913 2230 2973 collectae.
2272 2913 2428 2974 Aen.
2450 2913 2529 2985 V,
2546 2911 2672 2990 695

1680 3016 1818 3071 ruit
1857 3014 2129 3075 aethere
2184 3030 2325 3075 toto
2368 3010 2672 3074 turbidus

1677 3115 1889 3174 imber
1942 3138 2138 3198 aqua.
2237 3117 2501 3177 Martial.
2545 3114 2667 3186 111,

1688 3239 1838 3290 100,
1870 3220 1912 3281 5
2000 3220 2329 3280 Imbribus
2368 3217 2670 3279 immodi-

1677 3324 1772 3380 cis
1802 3322 2062 3381 caelum
2099 3345 2254 3382 nam
2284 3324 2480 3403 force
2520 3341 2668 3395 tue·

1677 3424 1813 3483 bac.
1900 3426 2254 3487 Praeiuerat
2280 3430 2523 3487 Lucret.
2556 3423 2663 3496 VI,

1679 3549 1824 3609 290,
1869 3550 1893 3588 1
1969 3530 2196 3590 Omnis
2224 3533 2325 3591 vti
2351 3527 2661 3589 videatur

1674 3633 1747 3691 in
1797 3631 2072 3693 imbrem
2109 3636 2382 3713 soluier-e
2413 3630 2663 3693 aether.

1673 3737 1836 3797 Alias
1880 3738 2133 3799 caelum
2189 3741 2326 3798 ruit
2372 3737 2623 3795 tonitru
2640 3754 2666 3800 ,-

1675 3841 1865 3901 vnde
1906 3841 2064 3901 Aen.
2128 3842 2192 3913 1,
2278 3861 2393 3921 129
2494 3837 2668 3897 caeli

1675 3946 1874 4025 ruina
1918 3949 2179 4004 omnino
2230 3945 2310 4003 de
2370 3942 2666 4026 procella.

1676 4049 1819 4110 325.
1897 4046 2094 4107 boum
2146 4046 2439 4120 labores,
2512 4046 2670 4129 ἔργα

1671 4148 1829 4233 βοῶν
1874 4140 2330 4233 Ηείὶοάἱ”Εργ.
2358 4153 2462 4229 46.
2533 4149 2666 4208 Ho-

1670 4273 1825 4316 mer.
1868 4255 1911 4316 l.
1956 4275 2008 4318 c.
2050 4254 2220 4316 niad.
2269 4276 2342 4325 τ,
2376 4255 2538 4334 592,
2599 4263 2667 4310 et
