3075 5114
1053 276 1177 350 m
1247 273 1856 351 GEORGmA
2337 270 2484 348 255
2573 223 2634 352 f

404 464 676 545 eibus,·
730 456 1086 564 exprqffla
1114 460 1325 558 smt;
1416 488 1518 534 ea
1569 490 1804 543 vero,
1878 488 2089 562 quae
2128 461 2488 558 vniuerse

407 594 570 665 dici
596 604 1008 691 poterant,
1059 589 1177 659 ad
1194 587 1523 684 saccum
1553 588 1918 688 aliquod,
1958 590 2202 687 idque
2235 611 2488 658 vnum

404 734 483 788 ec
559 715 965 787 actionem
1019 709 1525 812 singularem
1603 740 1649 783 e
1718 710 1985 782 multis
2071 729 2488 792 reuocata,

404 841 524 913 ad
583 842 868 910 viuum
926 835 1568 935 repraesentata,
1657 835 2178 934 descriptione
2241 835 2489 907 oculis

386 960 802 1061 subiecta,
895 958 1276 1057 exemplis
1353 976 1430 1029 et
1514 958 2246 1057 comparationibus
2306 960 2488 1031 illu-

382 1085 698 1186 strata,
759 1082 1177 1182 sententiis
1221 1082 1608 1182 grauibus
1639 1081 1806 1179 sint
1855 1081 2268 1180 distincta,
2322 1109 2490 1155 om·
2583 1101 2588 1106 ·

406 1217 754 1312 uinoque
790 1211 911 1278 ita
959 1223 1359 1286 tractata,
1427 1225 1520 1306 fvt
1561 1232 1727 1279 non
1769 1227 1942 1280 tam
1990 1213 2305 1281 animus
2347 1210 2492 1279 do-

409 1340 571 1410 ceri
600 1333 702 1429 se
722 1330 1036 1430 sentiat
1076 1355 1326 1430 quam
1368 1330 1794 1404 delectari:
1852 1349 1942 1404 vt
1983 1359 2146 1404 non
2182 1353 2491 1433 magna
2609 1347 2614 1354 ⁴

408 1460 673 1532 animi
729 1458 1165 1526 intentione
1242 1456 1362 1526 ad
1422 1457 2057 1555 cognoscendum
2104 1482 2300 1557 opus
2348 1456 2486 1553 fit.

384 1583 553 1683 sed
591 1597 683 1651 vt
711 1578 919 1675 satis
947 1574 1096 1671 fit,
1172 1580 1417 1651 modo
1474 1583 1789 1652 animus
1827 1582 2297 1679 recipiendis
2344 1585 2491 1651 im-

397 1703 747 1810 pulsibus
801 1706 1225 1773 variarum
1285 1707 1738 1803 imaginum
1782 1703 2493 1803 sensationumque

398 1844 732 1932 pateat;
814 1842 907 1897 vc
956 1844 1393 1927 praecepta
1440 1845 1517 1898 et
1556 1827 2013 1923 sententiae
2055 1825 2275 1927 quasi
2324 1854 2493 1898 cor-

396 1979 599 2054 pore
667 1950 945 2050 aliquo
1010 1950 1394 2023 inductae
1438 1948 1789 2049 sensibus
1830 1947 2249 2050 subiectae
2301 1968 2494 2024 ante

406 2076 681 2150 oculos
760 2075 1132 2147 incedere
1195 2073 1682 2175 palparique
1739 2071 1956 2176 poffe
2025 2079 2489 2184 videantur,⁸

406 2219 690 2302 vtque,
777 2200 974 2272 dum
1021 2203 1108 2269 in
1158 2224 1428 2270 rerum
1470 2200 1644 2298 ipsa
1683 2206 2171 2272 tractatione
2216 2218 2295 2274 et
2344 2199 2494 2299 vsu

409 2324 717 2421 versari
748 2339 833 2394 te
873 2320 1301 2419 existimes,
1335 2321 1516 2419 fine
1561 2329 1784 2395 omni
1832 2322 2219 2422 molestia,
2262 2344 2495 2426 putes

407 2466 491 2524 te
549 2445 1010 2546 adsuescere
1070 2453 1340 2548 potius
1390 2445 1619 2520 rebus
1682 2451 2019 2549 agendis
2072 2476 2320 2549 quam
2372 2452 2493 2522 di-

386 2574 737 2681 scendis.
871 2576 1055 2645 Iam
1106 2599 1229 2645 res
1292 2571 1515 2644 aliae
1595 2575 1960 2645 naturali
2015 2574 2296 2674 aliqua
2336 2574 2494 2671 seu

409 2701 814 2799 dignitate
853 2697 1010 2794 seu
1056 2696 1483 2796 suauitate
1529 2694 1634 2794 se
1701 2700 2311 2778 commendant,
2406 2703 2494 2770 in

407 2820 691 2924 quibus
750 2840 1049 2921 poetae
1105 2826 1279 2894 iam
1334 2821 1547 2921 satis
1601 2839 1908 2921 parata
1958 2823 2171 2903 laus,
2247 2824 2495 2895 modo

408 2974 514 3018 ne
556 2971 692 3018 eas
733 2950 1103 3019 oratione
1156 2949 1512 3035 deterat;
1602 2945 1947 3047 sufficit,
2030 2965 2123 3017 ‘vt
2162 2964 2448 3047 aequet
2460 2976 2493 3035 ,-

388 3068 524 3167 [ιη
580 3070 1018 3170 amplificet
1083 3089 1161 3143 et
1226 3090 1567 3175 augeat,
1661 3074 1753 3143 id
1779 3130 1782 3147 .
1810 3098 2003 3143 vero
2084 3072 2201 3143 ad
2261 3087 2491 3143 tanto
2601 3052 2608 3059 ο

411 3199 810 3267 maiorem
850 3199 1156 3296 ingenii
1210 3197 2006 3268 commendationem'
2037 3196 2328 3294 facere
2362 3222 2496 3268 ne·

410 3316 605 3416 ceffe
675 3315 821 3415 esi.-
944 3319 1166 3390 aliae
1239 3338 1512 3392 autem
1573 3346 1693 3392 res
1753 3338 1901 3391 aut
1964 3303 2264 3392 natura
2325 3321 2495 3418 sua
2595 3306 2606 3321 ⁸

406 3459 680 3516 tenues
740 3458 819 3513 ec
872 3447 1232 3524 ieiunae,
1325 3463 1471 3517 aut
1529 3448 1905 3544 opinione
1955 3445 2325 3525 humiles,
2417 3464 2496 3519 oc

410 3563 635 3636 nullo
663 3565 826 3662 suo
871 3569 1157 3640 decore
1190 3565 1870 3669 'insignitaesunm
1918 3595 2116 3667 quas
2135 3567 2214 3667 fi
2242 3587 2498 3671 poeta

416 3713 599 3758 cum
644 3715 794 3787 per
815 3690 917 3787 se
957 3709 1200 3792 grato
1249 3694 1525 3791 aliquo
1566 3690 1847 3763 habitu
1887 3695 2255 3774 induere,
2325 3713 2498 3767 tum

415 3827 930 3884 externarum
1019 3843 1328 3897 rerum,
1456 3820 1815 3916 inprimis
1909 3812 2496 3920 digreffionum,

412 3939 710 4007 virtute
725 3938 935 4033 satis
984 3965 1277 4014 ornare
1303 3946 1664 4042 potuerit
1672 3987 1700 4020 ,
1788 3945 1875 4013 in
1916 3969 2009 4016 eo
2049 3969 2241 4014 vero
2269 3944 2497 4041 stim-

412 4084 636 4130 mam
665 4068 1038 4160 poeticae
1082 4066 1518 4164 facultatis
1578 4083 1655 4137 ec
1701 4070 1894 4138 artis
1943 4066 2271 4140 laudem
2315 4094 2498 4140 con·

386 4183 796 4281 sequitur-⁴
913 4190 1504 4291 Digreffionum
1553 4196 1832 4291 itaque
1873 4194 1992 4266 ad
2037 4196 2496 4271 ornandum
