3075 5114
616 4139 635 4148 ι

745 372 897 477 718
1155 368 1242 444 P.
1293 366 1788 444 vlnG1L11
1850 364 2377 441 MAnoms

756 558 1014 637 Pastor
1059 554 1425 633 Aristaeus
1479 553 1770 654 fugiens
1816 555 2096 627 Peneia
2148 554 2466 653 Tempe,

758 694 1083 785 Amiss'ts,
1154 712 1234 766 vt
1276 689 1513 780 fama,
1578 687 1839 789 apibus
1881 684 2307 787 morboque
2365 686 2762 785 fameque,

760 829 1015 905 Tristis
1059 826 1153 900 ad
1202 828 1517 899 extremi
1569 822 1850 897 sacrum
1887 838 2110 945 caput
2166 819 2442 893 adstitit
2479 825 2760 909 amniS,

761 965 1005 1039 Multa
1045 984 1405 1063 querens,
1514 976 1748 1058 atque
1806 955 1950 1032 hac
2002 955 2293 1028 adfatus
2334 977 2527 1030 voce
2586 980 2863 1055 paren·

2024 1097 2216 1154 tem:
2707 1079 2862 1152 520

903 1270 1006 1335 317
1043 1262 1345 1335 Anfilnene
1375 1259 1574 1336 semper
1598 1230 1769 1315 Goth.
1799 1260 1897 1316 sec.
2035 1263 2139 1333 3¹9
2175 1275 2480 1314 extremum
2503 1259 2630 1313 libti
2655 1261 2866 1334 aliquot

770 1353 915 1423 apud
945 1352 1196 1406 Pierium.
1286 1365 1596 1402 extremum
1632 1349 1802 1419 sacri
1842 1348 2027 1419 fragm.
2066 1350 2262 1401 Moret.
2341 1346 2644 1417 placidum
2697 1362 2868 1415 cap-t

765 1437 967 1495 Medic.
1117 1438 1220 1492 520
1259 1434 1475 1508 affatur
1511 1434 1736 1489 Mentel.
1779 1454 1857 1507 pr.
1944 1434 2147 1508 effatus
2178 1432 2346 1488 Goth.
2398 1450 2479 1506 pt.
2560 1450 2864 1503 patenu-

767 1594 873 1656 De
928 1588 1202 1656 Aristaeo
1264 1592 1388 1653 vid.
1444 1591 1638 1652 modo
1691 1589 1770 1650 ad
1851 1604 2062 1651 taemn
2091 1606 2285 1652 artem
2316 1588 2632 1661 retulerit,
2691 1590 2864 1673 qnod

768 1720 830 1759 v.
902 1698 1045 1761 283.
1178 1695 1373 1777 Quod
1442 1699 1772 1754 inuentum
1855 1712 1891 1752 a
1940 1690 2231 1755 Salmafio
2292 1690 2585 1753 affirmari
2649 1693 2861 1763 video,

768 1799 1240 1863 reficiendarum
1283 1818 1473 1879 apum
1504 1798 1583 1859 ad
1627 1817 1771 1858 eum
1853 1796 2024 1856 nulla
2128 1801 2492 1857 auctoritate
2603 1794 2865 1855 constat.

768 1904 1057 1973 refertur,
1104 1905 1447 1982 ignoratur,
1507 1921 1637 1984 quo
1672 1921 1773 1961 ex·
1843 1899 2033 1980 Sapit
2127 1914 2328 1959 totum
2431 1916 2865 1958 commentum

768 2006 982 2086 emplo
1012 2004 1193 2065 Maro
1222 2003 1472 2074 fecerit:
1521 2007 1777 2085 ignora·
1860 2018 2087 2082 poetae
2124 2000 2530 2063 Alexandrini
2575 2006 2868 2082 ingenio·

774 2123 881 2168 tur
947 2125 1235 2189 quoque,
1330 2126 1458 2188 quo
1524 2120 1778 2167 auctore

774 2207 1050 2271 Aristaeo
1159 2211 1394 2268 oeimen
1503 2220 1779 2269 tentatae

769 2312 1111 2394 Eurydices
1140 2315 1475 2391 impactum
1501 2308 1594 2371 fit.
1685 2310 1776 2370 Ex

772 2418 1092 2497 perpetuis
1133 2413 1265 2473 fere
1310 2415 1606 2495 exemplis
1647 2413 1777 2474 Ro-

772 2536 1104 2580 manorum
1130 2527 1456 2595 poetarum
1484 2517 1564 2577 ad
1579 2516 1778 2578 Grae-

773 2642 882 2683 cos
912 2619 972 2680 se
1005 2623 1540 2698 componentium,
1583 2623 1777 2702 inpri-

772 2729 892 2786 mis
946 2720 1191 2804 Virgini
1248 2734 1313 2780 et
1361 2721 1636 2794 Horatii,
1712 2736 1779 2782 et

772 2825 856 2886 ad
883 2821 1118 2884 sensum
1148 2825 1412 2883 cuiusuis
1438 2826 1552 2882 viri
1583 2823 1774 2898 docti,

774 2933 887 3011 qui
943 2927 1215 2987 lectione
1272 2929 1441 2984 varia
1500 2930 1776 2986 animum

774 3029 855 3089 ad
897 3025 1050 3087 haec
1089 3030 1336 3106 parauit
1375 3041 1440 3088 et
1478 3032 1664 3101 acuit,
1708 3026 1777 3089 fit

770 3127 1137 3212 probabile,
1216 3127 1430 3189 saltem
1493 3128 1775 3212 suspicari

768 3233 951 3308 licet,
1016 3231 1118 3291 vel
1167 3251 1241 3291 ex
1286 3228 1523 3292 summo
1564 3252 1773 3291 rerum

770 3349 1022 3406 ornatu,
1063 3333 1393 3393 Maronem
1427 3331 1526 3393 hic
1559 3334 1770 3408 alium,

768 3456 1044 3519 eumque
1108 3434 1419 3495 Graecum
1488 3450 1768 3516 poetam,

764 3534 1129 3621 expreffiss'e.
1290 3538 1339 3597 F
1342 3534 1487 3599 uiffe
1561 3549 1767 3600 ‘vetus

1863 2104 1986 2165 sam
2054 2105 2427 2168 suauitatem.
2567 2102 2868 2179 F‘bulam

1862 2207 2052 2288 ipsam
2109 2207 2196 2267 de
2232 2206 2546 2285 bagada
2605 2213 2868 2290 exponit

1865 2310 2053 2371 Ouid.
2082 2307 2232 2373 Fast.
2264 2309 2315 2382 Ι,
2348 2312 2497 2381 561,
2543 2311 2707 2371 Met.
2727 2312 2866 2381 XV,

1860 2415 1983 2476 561
2017 2410 2102 2496 sq.
2149 2413 2226 2474 cf.
2249 2413 2457 2493 Antig.
2478 2410 2718 2494 Caryst.
2752 2413 2867 2473 Mi·

1857 2512 1987 2577 rab.
2037 2535 2090 2575 c.
2121 2518 2219 2580 23.
2262 2513 2474 2598 {bique
2509 2514 2728 2576 Becm.

1994 2620 2141 2699 317.
2187 2615 2488 2679 Axissaens
2535 2639 2611 2679 ex
2653 2634 2870 2680 mente

1860 2734 2089 2800 poetae
2136 2735 2267 2780 turn
2310 2724 2377 2779 in
2404 2717 2721 2781 Thess'alia
2766 2722 2869 2782 de.

1862 2820 2069 2904 gebat,
2095 2823 2365 2883 necdum
2384 2823 2578 2884 Ceam
2606 2824 2866 2884 adierat.

1842 2924 2125 3003 fugiens
2197 2923 2391 3005 fimpl.
2474 2925 2868 3008 relinquens,

1867 3026 2142 3107 Tempe,
2192 3027 2515 3089 discedens
2573 3030 2732 3090 inde
2789 3030 2867 3090 ad

1859 3140 2062 3208 caput
2099 3132 2353 3197 amnuit,
2421 3130 2654 3202 Penei,
2721 3133 2867 3193 fon·

1858 3243 2020 3304 tem,
2078 3251 2134 3291 v.
2181 3231 2327 3291 Exc.
2372 3231 2450 3291 ad
2491 3230 2553 3293 h.
2598 3233 2644 3292 l.
2761 3236 2868 3294 Sic

1856 3330 1996 3393 fons
2042 3332 2399 3392 Timaui—
2444 3353 2689 3392 nouem
2739 3356 2866 3394 ora

1854 3435 2013 3494 Aen.
2058 3434 2109 3508 1,
2161 3437 2306 3513 245.
2351 3437 2494 3512 246.
2598 3437 2866 3519 Ignora-

1841 3540 2029 3604 ,tione
2134 3542 2321 3598 totius
2412 3535 2866 3619 phantasmatis

761 3663 1031 3725 poema,
1087 3640 1436 3717 Βουγονίαν,
1490 3639 1598 3700 sub
1639 3642 1766 3702 Eu·
1847 3642 2113 3721 poetici,
2175 3638 2362 3711 olim,
2421 3639 2866 3703 Burmannum

761 3743 914 3805 meli
957 3739 1351 3827 antiquiffimi
1387 3758 1614 3824 poetae
1646 3764 1765 3805 no-
1848 3757 2085 3803 temere
2114 3739 2426 3824 sequutm,
2477 3739 2703 3804 ostium
2739 3746 2867 3807 Pe-

761 3850 968 3919 mine,
1013 3867 1087 3906 ex
1115 3844 1462 3907 Eusebiano
1495 3844 1761 3908 Chroni-
1844 3849 1949 3906 nei
2009 3844 2270 3927 intelligi
2322 3809 2688 3912 volebam?
2728 3848 2863 3910 Ve-

759 3966 838 4008 co
885 3945 1156 4008 constat:
1224 3969 1396 4008 num.
1437 3966 1632 4016 nect„
1693 3964 1760 4009 et
1841 3962 1930 4009 tat
1964 3963 2176 4008 tamen
2207 3945 2329 4008 hoc
2370 3968 2576 4008 rerum
2610 3948 2860 4031 species

738 4045 845 4107 'ibi
900 4049 1120 4131 scalig.
1182 4070 1322 4110 cum
1372 4050 1627 4111 vallars:
1689 4067 1755 4114 et
1838 4067 1900 4112 et
1929 4053 2206 4113 locorum
2238 4053 2419 4125 ratio,
2462 4072 2651 4135 quam
2685 4075 2858 4134 poe-

750 4148 1000 4209 Salmas.
1032 4150 1110 4210 ad
1130 4150 1322 4212 Solin.
1351 4173 1417 4234 p.
1439 4155 1584 4216 602.
1604 4157 1751 4222 603.
1834 4170 1933 4216 tae
2003 4160 2226 4215 animo'
2283 4152 2561 4216 insedisse
2641 4162 2857 4216 mani-

755 4250 856 4310 An
894 4254 946 4309 is
986 4250 1116 4332 ipse
1172 4270 1383 4317 autem
1445 4257 1526 4324 ad
1582 4258 1750 4323 Aris·
1826 4256 2046 4323 festum
2079 4256 2201 4332 est;
2258 4254 2491 4320 etiamfi
2523 4257 2854 4323 concess‘e-
