3075 5114
609 386 711 478 94
1018 376 1105 447 P.
1149 372 1679 501 v11³22<311211¹
1716 369 2248 449 MARONIS

609 562 947 627 aetatibus
988 559 1225 641 nostris
1276 564 1416 623 viri
1453 561 1640 624 docti
1675 561 1957 646 sequuti
1997 560 2169 640 sunt
2219 557 2531 644 plerique
2572 577 2711 617 orn·

616 694 752 747 nes,
830 670 916 731 de
960 673 1079 731 via
1122 692 1210 731 ac
1249 672 1515 730 ratione
1558 684 1825 730 tantum
1846 668 2170 749 solliciti,
2242 686 2379 751 qua
2418 663 2716 726 recondi·

618 797 758 843 tum
798 776 1181 838 huiusmodi
1231 779 1630 838 vaticinium
1681 774 1780 836 ad
1820 778 2159 838 Romanos
2200 776 2559 857 peruenire
2592 791 2718 856 po-

620 888 844 949 tuerit.
961 884 1141 947 Vide
1209 888 1511 969 inprimis
1570 882 1931 946 Chandler's
1993 882 2403 953 vindication
2473 880 2545 941 of
2610 876 2721 939 the

523 972 526 975 Δ
617 991 892 1055 Defense
936 992 1007 1054 of
1040 989 1434 1077 Christianity
1469 988 1653 1054 Book
1691 996 1782 1061 II,
1829 991 1927 1058 cli.
1974 1014 2038 1061 2,
2076 990 2248 1070 sect.
2286 1011 2349 1057 2,
2406 1002 2473 1047 et
2525 987 2591 1046 T.
2631 986 2719 1044 Il.

621 1098 953 1180 Postscript
988 1120 1056 1177 p.
1095 1105 1200 1176 44.
1245 1096 1584 1161 Whiston’s
1624 1099 2038 1181 supplement
2093 1113 2162 1160 to
2218 1095 2323 1158 the
2376 1097 2579 1159 litera]
2622 1116 2721 1155 ac·

627 1205 1106 1288 complishment
1157 1206 1228 1264 of
1277 1207 1592 1288 Scripture
1648 1203 2025 1289 Prophecies
2076 1227 2146 1287 p.
2199 1213 2285 1285 94
2339 1205 2449 1287 sq.
2552 1201 2722 1263 Gud-

628 1311 832 1377 worth
890 1311 1160 1398 Systema
1216 1311 1519 1373 Intellect.
1583 1334 1636 1375 c.
1690 1315 1824 1385 IV,
1883 1316 1966 1391 ,βξ
2028 1316 2125 1375 16.
2230 1312 2442 1371 Certis
2497 1326 2726 1370 tamen

629 1440 856 1481 rerum
895 1421 1306 1543 argumentis
1346 1418 1723 1496 destituitur
1748 1418 1889 1523 ’isla
1946 1420 2209 1502 opinio·
2193 1464 2209 1489 ,
2281 1420 2588 1501 quamuis
2640 1435 2725 1476 ea

629 1528 859 1589 multis
899 1527 1054 1585 aliis
1090 1522 1410 1589 exornari
1435 1525 1597 1609 poff
1600 1544 1629 1587 t
1639 1567 1659 1605 ,
1721 1549 1896 1611 quae
1935 1549 1983 1587 a
2018 1528 2186 1587 viris
2239 1525 2451 1586 doctis
2508 1527 2727 1585 minus

630 1632 1111 1711 animaduersa
1130 1635 1320 1714 sunt
1413 1637 1556 1710 Sic,
1620 1656 1683 1694 v.
1728 1656 1782 1694 c.
1827 1656 1865 1693 e
1903 1634 2154 1716 Ioseph.
2194 1630 2361 1699 Ant
2404 1632 2576 1702 XV,
2627 1635 2729 1699 13,

569 1772 586 1783 ι
631 1745 753 1827 qui
780 1740 1118 1801 Herodem
1164 1762 1387 1821 regem
1421 1743 1744 1802 Pollionis
1784 1739 2065 1823 hospitio
2112 1753 2179 1799 et
2211 1741 2512 1799 amicitia
2540 1738 2728 1817 vfitm

632 1847 759 1929 effe
799 1864 1150 1917 memorat,
1187 1850 1497 1930 colligere
1534 1850 1779 1931 aliquis
1806 1842 2023 1929 poffit,
2064 1846 2152 1905 ab
2191 1845 2463 1906 Herode
2483 1846 2729 1927 facile,

631 1957 925 2033 Virgilio
963 1957 1356 2039 praesente,
1446 1955 1744 2016 Pollioni
1799 1954 1886 2012 de
1939 1950 2170 2032 Meffta
2227 1955 2535 2029 narrari,
2605 1966 2728 2011 aut

632 2062 992 2123 Nicolaum
1033 2061 1567 2140 Damascenum‚
1630 2059 1901 2119 doctum
1942 2060 2308 2132 hominem,
2377 2062 2564 2119 cuius
2606 2060 2729 2118 mi·

632 2166 899 2244 nisterio
944 2166 1247 2227 Herodes
1287 2168 1439 2247 ofits
1482 2166 1571 2246 cst
1584 2210 1609 2237 ,
1676 2165 1978 2246 Augusto
2017 2187 2408 2249 percarum,
2483 2165 2571 2226 de
2620 2169 2728 2226 Iu-

633 2273 959 2334 daeorum
992 2274 1411 2356 opinionibus
1439 2266 2280 2356 commemorarepotuiffe,
2328 2288 2394 2333 et
2424 2272 2503 2333 id
2520 2293 2731 2354 genus

631 2381 793 2445 alia,
879 2382 1267 2449 Enimuero,
1312 2385 1691 2465 quicunque
1716 2381 1988 2460 sensum
2017 2383 2473 2443 Romanorum
2513 2395 2581 2440 et
2629 2383 2732 2438 iu·-

628 2489 905 2571 genium
947 2489 1061 2547 vel
1102 2509 1139 2546 e
1182 2488 1547 2574 longinquo
1594 2491 1917 2573 inspexit,
1954 2488 2176 2573 facile
2222 2488 2507 2557 tenebit,
2564 2509 2733 2546 nun·

634 2616 841 2680 quam
893 2593 1296 2656 Iudaeorum
1356 2614 1621 2658 tantam
1676 2602 2151 2659 auctoritatem
2209 2618 2295 2656 ac
2339 2595 2551 2678 fidem
2609 2608 2733 2655 aut

612 2702 830 2786 suiffe
857 2715 980 2760 aut
1010 2700 1134 2782 effe
1167 2707 1451 2788 potuiſj‘e
1489 2705 1679 2802 apud
1703 2710 2068 2779 Romanos,
2088 2705 2266 2783 long
2234 2724 2308 2762 ve
2345 2704 2499 2764 aliis
2520 2700 2731 2781 sensi

632 2809 779 2879 bus,
824 2809 1290 2888 religionibus,
1341 2811 1608 2873 iudiciis
1635 2813 1940 2889 imbutos,
1984 2828 2059 2871 vt
2086 2810 2357 2889 istorum
2386 2813 2729 2891 opiniones

627 2916 896 3000 publice
923 2914 1358 2979 admitterent
1390 2934 1456 2979 et
1481 2919 1888 2980 carminibus
1915 2918 2345 2982 celebrarent.
2419 2917 2735 2978 Meminit

612 3023 1107 3104 superstitionis
1160 3023 1483 3087 Iudaicae
1533 3025 1906 3088 Horatius:
1970 3045 2204 3086 verum
2257 3038 2335 3085 vt
2390 3044 2540 3084 eam
2596 3021 2731 3104 risu

633 3128 1041 3213 exploderet.

808 3303 890 3366 V
878 3318 907 3362 t
957 3301 1192 3363 ordine
1235 3321 1561 3384 agamus:
1617 3306 1968 3368 videamus
1999 3307 2221 3389 primo
2261 3305 2441 3379 loco,
2523 3303 2731 3387 quod·—

632 3429 791 3470 nam
823 3413 1139 3470 carminis
1168 3428 1639 3491 argumentum
1657 3415 1753 3491 sit
1786 3436 1914 3497 per
1938 3415 2025 3494 se
2042 3412 2357 3494 spectati.
2388 3419 2393 3426 ’
2446 3410 2733 3470 Carmen·

631 3516 1010 3575 bucolicum
1040 3516 1137 3576 ad
1162 3519 1541 3596 Consulem,
1585 3542 1779 3605 quem
1809 3543 1872 3585 v.
1912 3544 1937 3582 1
1955 3544 1980 3582 1
2017 3520 2367 3588 Pollionem
2397 3522 2727 3595 nominatj

605 3624 696 3702 se
736 3623 1124 3699 exorsurum
1169 3625 1296 3707 effe
1330 3629 1693 3710 profitetur
1730 3630 1928 3689 Maro
1950 3644 1977 3689 .·
2038 3629 2243 3689 1—3.
2355 3626 2498 3704 Aga·
2545 3648 2724 3686 nunc

625 3729 935 3788 vltimam
960 3745 1253 3791 aetatem
1278 3756 1325 3793 a
1358 3735 1608 3815 Sibylla
1639 3751 2076 3796 memoratam
2101 3750 2126 3794 .·
2178 3730 2346 3794 Inde
2372 3732 2720 3810 restitutio·

624 3857 778 3896 nem
809 3841 1032 3898 rerum
1057 3841 1130 3897 in
1161 3838 1510 3921 pristinam
1530 3844 1831 3924 faciem,
1888 3835 2384 3908 ἀποκατάστασιν
2395 3883 2418 3915 ,
2469 3863 2720 3902 nouum

601 3943 1039 4022 saeculorum
1067 3933 1364 4008 ordinem
1380 3992 1403 4024 ,
1449 3973 1700 4010 nouam
1726 3953 2068 4012 hominum
2091 3949 2483 4031 progeniem
2501 3993 2524 4023 ‚
2583 3971 2719 4009 me-

619 4051 806 4111 lioris
835 4057 1086 4112 aetatis
1113 4056 1350 4126 vitam,
1388 4057 1682 4119 ltumano
1722 4035 1957 4139 generi
1997 4056 2369 4118 redituram
2413 4057 2538 4138 effe
2557 4069 2718 4138 pro-

616 4162 927 4250 nuntiat:
986 4157 1191 4243 idque
1233 4180 1629 4227 euenturum
1674 4167 1800 4250 effe
1841 4187 2057 4251 puero
2096 4164 2324 4247 aliquo
2370 4180 2573 4233 nato,
2640 4168 2715 4226 in

608 4265 933 4327 Pollionis
963 4266 1234 4351 quidem
1269 4272 1629 4353 Consulatu
1658 4285 1804 4356 4—-
1828 4285 1924 4355 14.
2008 4275 2132 4337 Ille
2173 4270 2544 4357 adscriptus
2582 4276 2713 4334 erit
