3075 5114
689 409 1297 513 TERTIAE
1356 412 2109 513 EDITIONIS
2403 432 2578 511 ιχ]

412 639 830 713 mentem
892 641 985 711 et
1049 613 1389 708 sensum
1439 618 1535 704 in
1604 640 1989 744 Vtroque
2051 615 2508 713 redditum
2567 670 2574 681 ·

423 785 591 879 effe
627 785 1085 880 volumus.

586 949 1317 1080 Descriptionem
1360 980 1699 1078 operae
1750 974 2161 1044 meaesset
2217 950 2504 1046 consi-

423 1122 654 1213 lium
729 1117 1098 1247 exposui
1158 1123 1256 1209 in
1316 1114 2033 1245 praefationibus
2106 1116 2504 1249 superio·

425 1322 634 1379 rum
672 1285 1203 1401 editionum,
1262 1317 1487 1412 quas
1537 1317 1648 1377 ea
1695 1283 1811 1376 de
1845 1280 2162 1401 cauffa,
2225 1312 2324 1383 vt
2351 1290 2503 1386 hic
2569 1344 2576 1353 ·

421 1460 757 1546 iterum
809 1474 1369 1579 apponerem
1384 1522 1410 1565 ,
1514 1448 1964 1547 neceffum
2036 1450 2207 1547 effe
2290 1457 2504 1574 vidi,

424 1637 623 1712 tum
654 1677 663 1683 —
698 1625 796 1709 in
866 1618 1483 1745 disquifitione
1550 1618 1668 1711 de
1734 1621 2162 1714 Carmine
2238 1629 2502 1752 epico
2561 1652 2574 1681 ··

424 1812 545 1893 n·
579 1788 774 1878 aliis
829 1784 1149 1913 paffim
1198 1785 1470 1899 lociS‚
1565 1814 1799 1910 quae
1841 1790 1949 1879 iis
2000 1784 2305 1880 saltem
2365 1794 2503 1883 in-
2567 1825 2582 1837 ·

427 1954 880 2083 spicienda
925 1975 1219 2067 erant,
1308 1956 1469 2078 qui
1518 1951 1864 2045 iudices
1905 1949 2205 2046 sedere
2248 1968 2340 2048 et
2389 1958 2507 2052 de
2561 2024 2568 2031 ι

427 2119 772 2214 summa
863 2121 1168 2247 operis
1253 2117 1648 2212 calculos
1726 2117 1963 2212 ferre
2049 2119 2499 2221 volebant.
2565 2182 2574 2193 ·

307 2405 323 2423 ·
424 2295 700 2384 Nunc
738 2291 1050 2412 itaque
1099 2317 1292 2377 non
1334 2286 1497 2377 nisi
1547 2318 1848 2413 pauca
1883 2286 2500 2423 subiungenda
2569 2348 2576 2353 ·

424 2452 626 2548 fimt
675 2453 793 2546 de
849 2454 1248 2545 editione
1300 2452 1473 2546 hac
1528 2485 1821 2546 noua:
1885 2460 2171 2549 -cuius
2223 2490 2500 2554 omne
2556 2484 2578 2524 ⁵

430 2622 901 2716 confilium
932 2622 1312 2714 debetur
1324 2627 1389 2712 F
1391 2618 1747 2715 ritsohio
1777 2625 2107 2739 nostr0,
2135 2629 2332 2719 viro
2362 2630 2500 2719 in-
2565 2661 2580 2674 ’

423 2790 866 2920 telligenti
895 2810 984 2880 et
1009 2786 1356 2899 sollerti,
1384 2836 1394 2845 ·
1418 2788 1899 2911 bonaeque
1926 2786 2218 2882 laudis
2246 2797 2503 2919 cupi·
2566 2827 2582 2841 ·

430 2957 601 3049 do:
661 2959 819 3082 qui
860 2988 1070 3048 cum
1101 2958 1197 3045 in
1233 2954 1514 3048 altera
1545 2952 1942 3047 editione
1976 2957 2505 3052 adornanda
2561 2989 2570 2994 ·

433 3122 985 3249 exemplaria
1017 3121 1322 3216 multis
1353 3124 2502 3254 ornamentiS,·argu1nento
2567 3165 2576 3174 “

431 3324 548 3384 ex
576 3254 970 3416 antiquis
1002 3290 1431 3417 operibus
1471 3292 1759 3417 petito
1775 3361 1802 3404 ‚
1862 3289 2115 3382 eaelo
2160 3290 2504 3421 expres·
2571 3325 2589 3338 ·

436 3460 595 3576 fis,
629 3455 923 3549 sumtu
961 3456 1213 3548 haud
1237 3454 1703 3569 mediocri,
1734 3454 2258 3573 adomaffet,
2289 3490 2511 3554 mox
2571 3513 2576 3519 ·

432 3625 1022 3718 librariorum
1106 3621 1760 3717 nonnullorum
1831 3627 2066 3717 inter
2159 3630 2526 3720 Britan--

432 3790 886 3883 nos-lucri
926 3789 1423 3917 cupiditate
1478 3785 1993 3918 oppressum
2044 3789 2126 3886 se
2162 3793 2511 3911 videns,
2579 3853 2584 3860 ·

436 3956 1189 4084 quandoquidem
1239 3957 1368 4048 illi
1409 3956 1825 4051 formulis
1878 3958 2048 4054 suis
2103 3985 2517 4091 repetere
2579 3989 2594 4000 ·

434 4159 637 4218 eam
670 4125 1177 4217 editionem
1207 4125 1881 4244 constituerant,
1930 4129 2298 4224 consilio
2331 4128 2517 4223 hoc
2583 4177 2590 4186 r

443 4317 531 4387 et
600 4289 1131 4390 necestitate
1221 4295 1892 4392 circumuentus
1987 4322 2285 4394 totum
2367 4328 2520 4386 exe
