<?xml version="1.0" encoding="UTF-8"?>
<!DOCTYPE html PUBLIC "-//W3C//DTD XHTML 1.0 Transitional//EN"
    "http://www.w3.org/TR/xhtml1/DTD/xhtml1-transitional.dtd">
<html xmlns="http://www.w3.org/1999/xhtml" xml:lang="en" lang="en">
 <head>
  <title>
</title>
<meta http-equiv="Content-Type" content="text/html;charset=utf-8" />
  <meta name='ocr-system' content='tesseract 3.04.00' />
  <meta name='ocr-capabilities' content='ocr_page ocr_carea ocr_par ocr_line ocrx_word'/>
</head>
<body>
  <div class='ocr_page' id='page_1' title='image "./pvirgilivsmarov01virggoog_0332.png"; bbox 0 0 3075 5114; ppageno 0'>
   <div class='ocr_carea' id='block_1_1' title="bbox 620 374 2034 460">
    <p class='ocr_par' dir='ltr' id='par_1_1' title="bbox 620 374 2034 460">
     <span class='ocr_line' id='line_1_1' title="bbox 620 374 2034 460; baseline -0.008 0"><span class='ocrx_word' id='word_1_1' title='bbox 620 381 769 460; x_wconf 72' lang='lat'><em>252</em></span> <span class='ocrx_word' id='word_1_2' title='bbox 1302 374 2034 453; x_wconf 88' lang='lat' dir='ltr'>PROOEMIVM</span> 
     </span>
    </p>
   </div>
   <div class='ocr_carea' id='block_1_2' title="bbox 532 557 2764 4027">
    <p class='ocr_par' dir='ltr' id='par_1_2' title="bbox 532 557 2764 4027">
     <span class='ocr_line' id='line_1_2' title="bbox 621 557 2712 663; baseline -0.007 -17"><span class='ocrx_word' id='word_1_3' title='bbox 621 585 856 646; x_wconf 80' lang='lat' dir='ltr'><em>vacet</em></span> <span class='ocrx_word' id='word_1_4' title='bbox 902 582 1050 642; x_wconf 82' lang='lat' dir='ltr'><em>aut</em></span> <span class='ocrx_word' id='word_1_5' title='bbox 1096 564 1370 640; x_wconf 66' lang='lat' dir='ltr'><em>‘utilius</em></span> <span class='ocrx_word' id='word_1_6' title='bbox 1421 562 1643 663; x_wconf 85' lang='lat' dir='ltr'><em>abfit.</em></span> <span class='ocrx_word' id='word_1_7' title='bbox 1749 568 1923 641; x_wconf 87' lang='lat' dir='ltr'><em>Nec</em></span> <span class='ocrx_word' id='word_1_8' title='bbox 1983 562 2230 639; x_wconf 85' lang='lat' dir='ltr'><em>modo</em></span> <span class='ocrx_word' id='word_1_9' title='bbox 2282 557 2712 636; x_wconf 79' lang='lat' dir='ltr'><em>verborum</em></span> 
     </span>
     <span class='ocr_line' id='line_1_3' title="bbox 624 689 2715 789; baseline -0.007 -18"><span class='ocrx_word' id='word_1_10' title='bbox 624 695 925 772; x_wconf 78' lang='lat' dir='ltr'><em>dilectu</em></span> <span class='ocrx_word' id='word_1_11' title='bbox 988 709 1067 764; x_wconf 82' lang='lat' dir='ltr'><em>et</em></span> <span class='ocrx_word' id='word_1_12' title='bbox 1120 693 1542 773; x_wconf 80' lang='lat' dir='ltr'><em>iunctura,</em></span> <span class='ocrx_word' id='word_1_13' title='bbox 1641 717 1924 764; x_wconf 81' lang='lat' dir='ltr'><em>verum</em></span> <span class='ocrx_word' id='word_1_14' title='bbox 1978 695 2226 764; x_wconf 87' lang='lat' dir='ltr'><em>etiam</em></span> <span class='ocrx_word' id='word_1_15' title='bbox 2271 689 2715 789; x_wconf 85' lang='lat' dir='ltr'><em>sententia-</em></span> 
     </span>
     <span class='ocr_line' id='line_1_4' title="bbox 622 813 2715 913; baseline -0.005 -19"><span class='ocrx_word' id='word_1_16' title='bbox 622 848 808 898; x_wconf 81' lang='lat' dir='ltr'><em>rum</em></span> <span class='ocrx_word' id='word_1_17' title='bbox 861 821 1260 896; x_wconf 83' lang='lat' dir='ltr'><em>veritate,</em></span> <span class='ocrx_word' id='word_1_18' title='bbox 1353 816 1656 889; x_wconf 82' lang='lat' dir='ltr'><em>lumine</em></span> <span class='ocrx_word' id='word_1_19' title='bbox 1720 843 1824 888; x_wconf 89' lang='lat' dir='ltr'><em>ac</em></span> <span class='ocrx_word' id='word_1_20' title='bbox 1883 814 2250 888; x_wconf 82' lang='lat' dir='ltr'><em>naturali</em></span> <span class='ocrx_word' id='word_1_21' title='bbox 2309 813 2715 913; x_wconf 83' lang='lat' dir='ltr'><em>facilique</em></span> 
     </span>
     <span class='ocr_line' id='line_1_5' title="bbox 628 937 2720 1044; baseline -0.005 -28"><span class='ocrx_word' id='word_1_22' title='bbox 628 963 707 1021; x_wconf 80' lang='lat' dir='ltr'><em>et</em></span> <span class='ocrx_word' id='word_1_23' title='bbox 750 960 941 1044; x_wconf 85' lang='lat' dir='ltr'><em>apto</em></span> <span class='ocrx_word' id='word_1_24' title='bbox 983 968 1241 1022; x_wconf 78' lang='lat' dir='ltr'><em>nexu,</em></span> <span class='ocrx_word' id='word_1_25' title='bbox 1329 943 1638 1042; x_wconf 80' lang='lat' dir='ltr'><em>ingenii</em></span> <span class='ocrx_word' id='word_1_26' title='bbox 1680 945 2030 1042; x_wconf 86' lang='lat' dir='ltr'><em>artisque</em></span> <span class='ocrx_word' id='word_1_27' title='bbox 2073 937 2388 1041; x_wconf 81' lang='lat' dir='ltr'><em>insignis</em></span> <span class='ocrx_word' id='word_1_28' title='bbox 2436 937 2720 1036; x_wconf 83' lang='lat' dir='ltr'><em>aliqua</em></span> 
     </span>
     <span class='ocr_line' id='line_1_6' title="bbox 562 1059 2722 1174; baseline -0.005 -32"><span class='ocrx_word' id='word_1_29' title='bbox 562 1123 569 1126; x_wconf 85' lang='lat'><em>-</em></span> <span class='ocrx_word' id='word_1_30' title='bbox 608 1070 1023 1174; x_wconf 65' lang='lat' dir='ltr'><em>felicitas,</em></span> <span class='ocrx_word' id='word_1_31' title='bbox 1130 1092 1343 1166; x_wconf 85' lang='lat' dir='ltr'><em>quae</em></span> <span class='ocrx_word' id='word_1_32' title='bbox 1396 1070 1481 1137; x_wconf 88' lang='lat' dir='ltr'><em>in</em></span> <span class='ocrx_word' id='word_1_33' title='bbox 1540 1064 1889 1166; x_wconf 81' lang='lat' dir='ltr'><em>Virgilio</em></span> <span class='ocrx_word' id='word_1_34' title='bbox 1939 1081 2157 1144; x_wconf 91' lang='lat' dir='ltr'><em>erat,</em></span> <span class='ocrx_word' id='word_1_35' title='bbox 2253 1059 2555 1167; x_wconf 82' lang='lat' dir='ltr'><em>effecit,</em></span> <span class='ocrx_word' id='word_1_36' title='bbox 2631 1077 2722 1133; x_wconf 82' lang='lat' dir='ltr'><em>vt</em></span> 
     </span>
     <span class='ocr_line' id='line_1_7' title="bbox 629 1184 2726 1287; baseline -0.006 -19"><span class='ocrx_word' id='word_1_37' title='bbox 629 1195 799 1268; x_wconf 88' lang='lat' dir='ltr'><em>leni</em></span> <span class='ocrx_word' id='word_1_38' title='bbox 847 1216 951 1263; x_wconf 88' lang='lat' dir='ltr'><em>ac</em></span> <span class='ocrx_word' id='word_1_39' title='bbox 989 1189 1243 1287; x_wconf 85' lang='lat' dir='ltr'><em>facili</em></span> <span class='ocrx_word' id='word_1_40' title='bbox 1284 1188 1513 1287; x_wconf 77' lang='lat' dir='ltr'><em>cursu</em></span> <span class='ocrx_word' id='word_1_41' title='bbox 1557 1194 1835 1262; x_wconf 85' lang='lat' dir='ltr'><em>omnia</em></span> <span class='ocrx_word' id='word_1_42' title='bbox 1880 1191 2265 1284; x_wconf 86' lang='lat' dir='ltr'><em>defluant.</em></span> <span class='ocrx_word' id='word_1_43' title='bbox 2402 1184 2726 1261; x_wconf 78' lang='lat' dir='ltr'><strong><em>Habent</em></strong></span> 
     </span>
     <span class='ocr_line' id='line_1_8' title="bbox 627 1303 2723 1425; baseline -0.006 -33"><span class='ocrx_word' id='word_1_44' title='bbox 627 1345 880 1425; x_wconf 88' lang='lat' dir='ltr'><em>porro</em></span> <span class='ocrx_word' id='word_1_45' title='bbox 942 1315 1188 1390; x_wconf 79' lang='lat' dir='ltr'><em>decus</em></span> <span class='ocrx_word' id='word_1_46' title='bbox 1241 1329 1318 1386; x_wconf 85' lang='lat' dir='ltr'><em>et</em></span> <span class='ocrx_word' id='word_1_47' title='bbox 1376 1312 1753 1388; x_wconf 87' lang='lat' dir='ltr'>excultam</span> <span class='ocrx_word' id='word_1_48' title='bbox 1813 1303 2190 1416; x_wconf 72' lang='lat' dir='ltr'><em>aliquam‘</em></span> <span class='ocrx_word' id='word_1_49' title='bbox 2253 1312 2723 1411; x_wconf 82' lang='lat' dir='ltr'><strong>elegantiam,</strong></span> 
     </span>
     <span class='ocr_line' id='line_1_9' title="bbox 635 1434 2726 1543; baseline -0.006 -25"><span class='ocrx_word' id='word_1_50' title='bbox 635 1448 761 1518; x_wconf 81' lang='lat' dir='ltr'><em>vti</em></span> <span class='ocrx_word' id='word_1_51' title='bbox 831 1437 1504 1543; x_wconf 76' lang='lat' dir='ltr'><em>Quinctilianus*)</em></span> <span class='ocrx_word' id='word_1_52' title='bbox 1574 1434 1788 1536; x_wconf 61' lang='lat' dir='ltr'><em>istud</em></span> <span class='ocrx_word' id='word_1_53' title='bbox 1832 1437 2165 1514; x_wconf 82' lang='lat' dir='ltr'><em>facetum</em></span> <span class='ocrx_word' id='word_1_54' title='bbox 2220 1438 2549 1513; x_wconf 82' lang='lat' dir='ltr'><em>Horatii</em></span> <span class='ocrx_word' id='word_1_55' title='bbox 2609 1439 2726 1506; x_wconf 84' lang='lat' dir='ltr'><em>in·-</em></span> 
     </span>
     <span class='ocr_line' id='line_1_10' title="bbox 640 1562 2731 1666; baseline -0.005 -26"><span class='ocrx_word' id='word_1_56' title='bbox 640 1580 1126 1666; x_wconf 78' lang='lat' dir='ltr'><em>terpretatur</em></span> <span class='ocrx_word' id='word_1_57' title='bbox 1136 1592 1169 1650; x_wconf 88' lang='lat'><em>,·</em></span> <span class='ocrx_word' id='word_1_58' title='bbox 1285 1588 1467 1633; x_wconf 83' lang='lat' dir='ltr'><em>cum</em></span> <span class='ocrx_word' id='word_1_59' title='bbox 1515 1562 1838 1659; x_wconf 83' lang='lat' dir='ltr'><em>scilicet</em></span> <span class='ocrx_word' id='word_1_60' title='bbox 1885 1569 1970 1637; x_wconf 89' lang='lat' dir='ltr'><em>in</em></span> <span class='ocrx_word' id='word_1_61' title='bbox 2027 1581 2503 1666; x_wconf 81' lang='lat' dir='ltr'><em>argumento</em></span> <span class='ocrx_word' id='word_1_62' title='bbox 2558 1577 2731 1632; x_wconf 87' lang='lat' dir='ltr'><em>tam</em></span> 
     </span>
     <span class='ocr_line' id='line_1_11' title="bbox 641 1686 2732 1787; baseline -0.005 -23"><span class='ocrx_word' id='word_1_63' title='bbox 641 1693 865 1767; x_wconf 83' lang='lat' dir='ltr'><em>tenui</em></span> <span class='ocrx_word' id='word_1_64' title='bbox 923 1703 999 1760; x_wconf 85' lang='lat' dir='ltr'><em>et</em></span> <span class='ocrx_word' id='word_1_65' title='bbox 1041 1686 1369 1767; x_wconf 80' lang='lat' dir='ltr'><em>humili,</em></span> <span class='ocrx_word' id='word_1_66' title='bbox 1461 1690 1690 1787; x_wconf 84' lang='lat' dir='ltr'><em>quod</em></span> <span class='ocrx_word' id='word_1_67' title='bbox 1749 1691 1868 1760; x_wconf 91' lang='lat' dir='ltr'><em>ad</em></span> <span class='ocrx_word' id='word_1_68' title='bbox 1917 1687 2299 1785; x_wconf 65' lang='lat' dir='ltr'><em>resticam</em></span> <span class='ocrx_word' id='word_1_69' title='bbox 2345 1686 2732 1759; x_wconf 81' lang='lat' dir='ltr'><em>orationis</em></span> 
     </span>
     <span class='ocr_line' id='line_1_12' title="bbox 548 1805 2737 1917; baseline -0.004 -29"><span class='ocrx_word' id='word_1_70' title='bbox 548 1861 553 1862; x_wconf 28' lang='lat' dir='ltr'><em>ff</em></span> <span class='ocrx_word' id='word_1_71' title='bbox 645 1815 1162 1917; x_wconf 78' lang='lat' dir='ltr'><em>asperitatem</em></span> <span class='ocrx_word' id='word_1_72' title='bbox 1203 1827 1620 1910; x_wconf 83' lang='lat' dir='ltr'><em>tantopere</em></span> <span class='ocrx_word' id='word_1_73' title='bbox 1661 1838 1824 1883; x_wconf 86' lang='lat' dir='ltr'><em>non</em></span> <span class='ocrx_word' id='word_1_74' title='bbox 1873 1813 2116 1883; x_wconf 89' lang='lat' dir='ltr'><em>modo</em></span> <span class='ocrx_word' id='word_1_75' title='bbox 2150 1810 2527 1911; x_wconf 83' lang='lat' dir='ltr'><em>patebat,</em></span> <span class='ocrx_word' id='word_1_76' title='bbox 2575 1805 2737 1906; x_wconf 77' lang='lat' dir='ltr'><em>sed</em></span> 
     </span>
     <span class='ocr_line' id='line_1_13' title="bbox 644 1931 2742 2032; baseline -0.006 -19"><span class='ocrx_word' id='word_1_77' title='bbox 644 1959 747 2017; x_wconf 85' lang='lat' dir='ltr'><em>et·</em></span> <span class='ocrx_word' id='word_1_78' title='bbox 780 1933 1253 2032; x_wconf 85' lang='lat' dir='ltr'><em>deflectebat</em></span> <span class='ocrx_word' id='word_1_79' title='bbox 1298 1951 1375 2005; x_wconf 87' lang='lat' dir='ltr'><em>et</em></span> <span class='ocrx_word' id='word_1_80' title='bbox 1422 1933 1912 2014; x_wconf 83' lang='lat' dir='ltr'><em>inclinabat,</em></span> <span class='ocrx_word' id='word_1_81' title='bbox 1991 1937 2267 2005; x_wconf 88' lang='lat' dir='ltr'><em>omnia</em></span> <span class='ocrx_word' id='word_1_82' title='bbox 2299 1931 2467 2031; x_wconf 73' lang='lat' dir='ltr'><em>sint</em></span> <span class='ocrx_word' id='word_1_83' title='bbox 2495 1932 2742 2029; x_wconf 77' lang='lat' dir='ltr'><em>scite,</em></span> 
     </span>
     <span class='ocr_line' id='line_1_14' title="bbox 648 2054 2733 2157; baseline -0.005 -23"><span class='ocrx_word' id='word_1_84' title='bbox 648 2058 999 2157; x_wconf 76' lang='lat' dir='ltr'><em>honeste,</em></span> <span class='ocrx_word' id='word_1_85' title='bbox 1092 2074 1171 2129; x_wconf 85' lang='lat' dir='ltr'><em>et</em></span> <span class='ocrx_word' id='word_1_86' title='bbox 1229 2054 1667 2127; x_wconf 84' lang='lat' dir='ltr'><em>liberaliter</em></span> <span class='ocrx_word' id='word_1_87' title='bbox 1724 2074 2128 2137; x_wconf 86' lang='lat' dir='ltr'><em>tractata,</em></span> <span class='ocrx_word' id='word_1_88' title='bbox 2215 2073 2309 2128; x_wconf 82' lang='lat' dir='ltr'><em>vt</em></span> <span class='ocrx_word' id='word_1_89' title='bbox 2354 2056 2733 2157; x_wconf 83' lang='lat' dir='ltr'><em>politum,</em></span> 
     </span>
     <span class='ocr_line' id='line_1_15' title="bbox 636 2168 2741 2285; baseline -0.002 -28"><span class='ocrx_word' id='word_1_90' title='bbox 636 2168 1020 2285; x_wconf 81' lang='lat' dir='ltr'><em>elegans,</em></span> <span class='ocrx_word' id='word_1_91' title='bbox 1107 2195 1186 2251; x_wconf 87' lang='lat' dir='ltr'><em>ct</em></span> <span class='ocrx_word' id='word_1_92' title='bbox 1230 2177 1633 2251; x_wconf 79' lang='lat' dir='ltr'><em>vrbanam</em></span> <span class='ocrx_word' id='word_1_93' title='bbox 1687 2183 2097 2279; x_wconf 76' lang='lat' dir='ltr'><em>ingenium</em></span> <span class='ocrx_word' id='word_1_94' title='bbox 2150 2180 2444 2282; x_wconf 69' lang='lat' dir='ltr'><em>Ubique</em></span> <span class='ocrx_word' id='word_1_95' title='bbox 2471 2178 2741 2280; x_wconf 85' lang='lat' dir='ltr'><em>facile</em></span> 
     </span>
     <span class='ocr_line' id='line_1_16' title="bbox 532 2302 2742 2409; baseline -0.001 -32"><span class='ocrx_word' id='word_1_96' title='bbox 532 2349 537 2352; x_wconf 91' lang='lat'>-</span> <span class='ocrx_word' id='word_1_97' title='bbox 650 2302 1071 2409; x_wconf 80' lang='lat' dir='ltr'><em>agnoscas.</em></span> <span class='ocrx_word' id='word_1_98' title='bbox 1204 2302 1349 2375; x_wconf 79' lang='lat' dir='ltr'><em>Ad</em></span> <span class='ocrx_word' id='word_1_99' title='bbox 1396 2305 1855 2375; x_wconf 85' lang='lat' dir='ltr'><em>iuncturam</em></span> <span class='ocrx_word' id='word_1_100' title='bbox 1905 2307 2113 2377; x_wconf 86' lang='lat' dir='ltr'><em>adeo</em></span> <span class='ocrx_word' id='word_1_101' title='bbox 2158 2303 2586 2378; x_wconf 80' lang='lat' dir='ltr'><em>verborum</em></span> <span class='ocrx_word' id='word_1_102' title='bbox 2634 2303 2742 2375; x_wconf 85' lang='lat' dir='ltr'><em>le-</em></span> 
     </span>
     <span class='ocr_line' id='line_1_17' title="bbox 649 2424 2743 2530; baseline 0 -30"><span class='ocrx_word' id='word_1_103' title='bbox 649 2453 841 2506; x_wconf 85' lang='lat' dir='ltr'><em>nem</em></span> <span class='ocrx_word' id='word_1_104' title='bbox 877 2451 980 2499; x_wconf 90' lang='lat' dir='ltr'><em>ac</em></span> <span class='ocrx_word' id='word_1_105' title='bbox 1021 2424 1350 2498; x_wconf 81' lang='lat' dir='ltr'><em>mollem</em></span> <span class='ocrx_word' id='word_1_106' title='bbox 1395 2443 1473 2498; x_wconf 87' lang='lat' dir='ltr'><em>et</em></span> <span class='ocrx_word' id='word_1_107' title='bbox 1508 2453 2036 2528; x_wconf 69' lang='lat' dir='ltr'><em>numerorum</em></span> <span class='ocrx_word' id='word_1_108' title='bbox 2081 2430 2557 2530; x_wconf 76' lang='lat' dir='ltr'><em>artificium,</em></span> <span class='ocrx_word' id='word_1_109' title='bbox 2623 2444 2743 2501; x_wconf 86' lang='lat' dir='ltr'><em>to-</em></span> 
     </span>
     <span class='ocr_line' id='line_1_18' title="bbox 655 2552 2747 2657; baseline 0.001 -31"><span class='ocrx_word' id='word_1_110' title='bbox 655 2570 998 2653; x_wconf 82' lang='lat' dir='ltr'><em>tumque</em></span> <span class='ocrx_word' id='word_1_111' title='bbox 1059 2554 1434 2635; x_wconf 83' lang='lat' dir='ltr'><em>carminis</em></span> <span class='ocrx_word' id='word_1_112' title='bbox 1489 2555 1869 2636; x_wconf 88' lang='lat' dir='ltr'><em>nitorem,</em></span> <span class='ocrx_word' id='word_1_113' title='bbox 1972 2572 2052 2628; x_wconf 87' lang='lat' dir='ltr'><em>et</em></span> <span class='ocrx_word' id='word_1_114' title='bbox 2108 2557 2228 2630; x_wconf 90' lang='lat' dir='ltr'><em>ad</em></span> <span class='ocrx_word' id='word_1_115' title='bbox 2281 2552 2747 2657; x_wconf 77' lang='lat' dir='ltr'><em>cultzffimae</em></span> 
     </span>
     <span class='ocr_line' id='line_1_19' title="bbox 656 2666 2745 2779; baseline -0.001 -27"><span class='ocrx_word' id='word_1_116' title='bbox 656 2680 1058 2752; x_wconf 86' lang='lat' dir='ltr'><em>orationis</em></span> <span class='ocrx_word' id='word_1_117' title='bbox 1095 2670 1669 2749; x_wconf 76' lang='lat' dir='ltr'><em>verecundiam</em></span> <span class='ocrx_word' id='word_1_118' title='bbox 1733 2697 1813 2751; x_wconf 83' lang='lat' dir='ltr'><em>et</em></span> <span class='ocrx_word' id='word_1_119' title='bbox 1866 2677 2361 2778; x_wconf 81' lang='lat' dir='ltr'><em>venustatem</em></span> <span class='ocrx_word' id='word_1_120' title='bbox 2401 2666 2745 2779; x_wconf 76' lang='lat' dir='ltr'><em>referen-</em></span> 
     </span>
     <span class='ocr_line' id='line_1_20' title="bbox 659 2786 2750 2907; baseline 0.001 -33"><span class='ocrx_word' id='word_1_121' title='bbox 659 2804 864 2878; x_wconf 80' lang='lat' dir='ltr'><em>dum</em></span> <span class='ocrx_word' id='word_1_122' title='bbox 910 2798 1138 2873; x_wconf 80' lang='lat' dir='ltr'><em>nobis</em></span> <span class='ocrx_word' id='word_1_123' title='bbox 1185 2796 1329 2899; x_wconf 71' lang='lat' dir='ltr'><em>effe</em></span> <span class='ocrx_word' id='word_1_124' title='bbox 1382 2803 1709 2874; x_wconf 78' lang='lat' dir='ltr'><em>videtur</em></span> <span class='ocrx_word' id='word_1_125' title='bbox 1767 2786 2121 2907; x_wconf 78' lang='lat' dir='ltr'><em>elogium</em></span> <span class='ocrx_word' id='word_1_126' title='bbox 2180 2806 2431 2885; x_wconf 81' lang='lat' dir='ltr'><em>illud,</em></span> <span class='ocrx_word' id='word_1_127' title='bbox 2522 2803 2750 2906; x_wconf 80' lang='lat' dir='ltr'><em>quod</em></span> 
     </span>
     <span class='ocr_line' id='line_1_21' title="bbox 657 2928 2750 3031; baseline 0.002 -32"><span class='ocrx_word' id='word_1_128' title='bbox 657 2945 841 3002; x_wconf 83' lang='lat' dir='ltr'><em>tam</em></span> <span class='ocrx_word' id='word_1_129' title='bbox 878 2929 1182 3027; x_wconf 73' lang='lat' dir='ltr'><em>variis,</em></span> <span class='ocrx_word' id='word_1_130' title='bbox 1249 2929 1566 2997; x_wconf 83' lang='lat' dir='ltr'><em>incertis</em></span> <span class='ocrx_word' id='word_1_131' title='bbox 1600 2928 1856 3029; x_wconf 76' lang='lat' dir='ltr'><em>saepe</em></span> <span class='ocrx_word' id='word_1_132' title='bbox 1898 2947 1975 3001; x_wconf 83' lang='lat' dir='ltr'><em>et</em></span> <span class='ocrx_word' id='word_1_133' title='bbox 2017 2928 2402 3031; x_wconf 82' lang='lat' dir='ltr'><em>obscuris,</em></span> <span class='ocrx_word' id='word_1_134' title='bbox 2487 2932 2750 3003; x_wconf 58' lang='lat' dir='ltr'><em>mo‘dis</em></span> 
     </span>
     <span class='ocr_line' id='line_1_22' title="bbox 659 3048 2753 3155; baseline 0 -31"><span class='ocrx_word' id='word_1_135' title='bbox 659 3078 720 3124; x_wconf 90' lang='lat' dir='ltr'><em>a</em></span> <span class='ocrx_word' id='word_1_136' title='bbox 766 3055 961 3123; x_wconf 81' lang='lat' dir='ltr'><em>viris</em></span> <span class='ocrx_word' id='word_1_137' title='bbox 1004 3050 1260 3121; x_wconf 88' lang='lat' dir='ltr'><em>doctis</em></span> <span class='ocrx_word' id='word_1_138' title='bbox 1298 3049 1703 3145; x_wconf 81' lang='lat' dir='ltr'><em>versatum</em></span> <span class='ocrx_word' id='word_1_139' title='bbox 1748 3048 1893 3149; x_wconf 77' lang='lat' dir='ltr'><em>effe</em></span> <span class='ocrx_word' id='word_1_140' title='bbox 1941 3056 2246 3128; x_wconf 82' lang='lat' dir='ltr'><em>videas.</em></span> <span class='ocrx_word' id='word_1_141' title='bbox 2365 3052 2753 3155; x_wconf 47' lang='lat' dir='ltr'><em>Magnis&amp;</em></span> 
     </span>
     <span class='ocr_line' id='line_1_23' title="bbox 666 3174 2764 3285; baseline 0.001 -37"><span class='ocrx_word' id='word_1_142' title='bbox 666 3201 855 3249; x_wconf 90' lang='lat' dir='ltr'><em>cam</em></span> <span class='ocrx_word' id='word_1_143' title='bbox 927 3189 1201 3245; x_wconf 83' lang='lat' dir='ltr'><em>autem</em></span> <span class='ocrx_word' id='word_1_144' title='bbox 1260 3184 1349 3245; x_wconf 81' lang='lat' dir='ltr'><em>&#39;et</em></span> <span class='ocrx_word' id='word_1_145' title='bbox 1398 3174 1919 3273; x_wconf 80' lang='lat' dir='ltr'><em>praeclaram</em></span> <span class='ocrx_word' id='word_1_146' title='bbox 1986 3174 2131 3277; x_wconf 76' lang='lat' dir='ltr'><em>effe</em></span> <span class='ocrx_word' id='word_1_147' title='bbox 2179 3178 2421 3285; x_wconf 31' lang='lat' dir='ltr'><em>*illam</em></span> <span class='ocrx_word' id='word_1_148' title='bbox 2482 3179 2764 3280; x_wconf 52' lang='lat' dir='ltr'><em>Virga—</em></span> 
     </span>
     <span class='ocr_line' id='line_1_24' title="bbox 658 3298 2750 3406; baseline -0.002 -35"><span class='ocrx_word' id='word_1_149' title='bbox 658 3298 870 3371; x_wconf 86' lang='lat' dir='ltr'><em>Iiani</em></span> <span class='ocrx_word' id='word_1_150' title='bbox 924 3302 1307 3370; x_wconf 87' lang='lat' dir='ltr'><em>carminis</em></span> <span class='ocrx_word' id='word_1_151' title='bbox 1370 3300 2114 3398; x_wconf 81' lang='lat' dir='ltr'><em>praedicationem,</em></span> <span class='ocrx_word' id='word_1_152' title='bbox 2198 3310 2372 3406; x_wconf 85' lang='lat' dir='ltr'><em>quis</em></span> <span class='ocrx_word' id='word_1_153' title='bbox 2429 3332 2591 3377; x_wconf 89' lang='lat' dir='ltr'><em>non</em></span> <span class='ocrx_word' id='word_1_154' title='bbox 2629 3306 2750 3375; x_wconf 82' lang='lat' dir='ltr'><em>vi-</em></span> 
     </span>
     <span class='ocr_line' id='line_1_25' title="bbox 668 3417 2756 3529; baseline 0 -33"><span class='ocrx_word' id='word_1_155' title='bbox 668 3424 872 3496; x_wconf 74' lang='lat' dir='ltr'><em>det?</em></span> <span class='ocrx_word' id='word_1_156' title='bbox 1001 3417 1145 3517; x_wconf 81' lang='lat' dir='ltr'><em>Est</em></span> <span class='ocrx_word' id='word_1_157' title='bbox 1181 3421 1500 3518; x_wconf 84' lang='lat' dir='ltr'><em>scilicet</em></span> <span class='ocrx_word' id='word_1_158' title='bbox 1546 3424 1880 3521; x_wconf 82' lang='lat' dir='ltr'><em>samma</em></span> <span class='ocrx_word' id='word_1_159' title='bbox 1941 3427 2161 3511; x_wconf 71' lang='lat' dir='ltr'><em>laus,</em></span> <span class='ocrx_word' id='word_1_160' title='bbox 2253 3432 2596 3529; x_wconf 82' lang='lat' dir='ltr'><em>quaein</em></span> <span class='ocrx_word' id='word_1_161' title='bbox 2655 3426 2756 3498; x_wconf 74' lang='lat' dir='ltr'><em>id</em></span> 
     </span>
     <span class='ocr_line' id='line_1_26' title="bbox 664 3547 2752 3653; baseline 0.004 -35"><span class='ocrx_word' id='word_1_162' title='bbox 664 3547 1040 3618; x_wconf 88' lang='lat' dir='ltr'><em>carminis</em></span> <span class='ocrx_word' id='word_1_163' title='bbox 1074 3570 1324 3646; x_wconf 82' lang='lat' dir='ltr'><em>genus</em></span> <span class='ocrx_word' id='word_1_164' title='bbox 1373 3547 1663 3620; x_wconf 86' lang='lat' dir='ltr'><em>cadere</em></span> <span class='ocrx_word' id='word_1_165' title='bbox 1696 3549 1973 3650; x_wconf 87' lang='lat' dir='ltr'><em>poffit,</em></span> <span class='ocrx_word' id='word_1_166' title='bbox 2020 3556 2244 3653; x_wconf 83' lang='lat' dir='ltr'><em>quod</em></span> <span class='ocrx_word' id='word_1_167' title='bbox 2292 3553 2752 3628; x_wconf 80' lang='lat' dir='ltr'><em>didacticum</em></span> 
     </span>
     <span class='ocr_line' id='line_1_27' title="bbox 661 3664 2751 3768; baseline 0.002 -27"><span class='ocrx_word' id='word_1_168' title='bbox 661 3664 1075 3768; x_wconf 80' lang='lat' dir='ltr'><em>appellare</em></span> <span class='ocrx_word' id='word_1_169' title='bbox 1106 3669 1486 3768; x_wconf 86' lang='lat' dir='ltr'><em>solemus.</em></span> <span class='ocrx_word' id='word_1_170' title='bbox 1600 3674 1805 3748; x_wconf 82' lang='lat' dir='ltr'><em>Cum</em></span> <span class='ocrx_word' id='word_1_171' title='bbox 1845 3681 2060 3748; x_wconf 90' lang='lat' dir='ltr'><em>enim</em></span> <span class='ocrx_word' id='word_1_172' title='bbox 2105 3683 2272 3752; x_wconf 79' lang='lat' dir='ltr'><em>eius</em></span> <span class='ocrx_word' id='word_1_173' title='bbox 2317 3694 2619 3750; x_wconf 83' lang='lat' dir='ltr'><em>natura</em></span> <span class='ocrx_word' id='word_1_174' title='bbox 2663 3679 2751 3745; x_wconf 69' lang='lat' dir='ltr'><em>itt</em></span> 
     </span>
     <span class='ocr_line' id='line_1_28' title="bbox 659 3790 2750 3904; baseline 0.001 -37"><span class='ocrx_word' id='word_1_175' title='bbox 659 3818 755 3866; x_wconf 88' lang='lat' dir='ltr'><em>eo</em></span> <span class='ocrx_word' id='word_1_176' title='bbox 795 3790 1056 3892; x_wconf 70' lang='lat' dir='ltr'><em>posita</em></span> <span class='ocrx_word' id='word_1_177' title='bbox 1091 3792 1242 3890; x_wconf 81' lang='lat' dir='ltr'><em>fit,</em></span> <span class='ocrx_word' id='word_1_178' title='bbox 1306 3813 1398 3869; x_wconf 81' lang='lat' dir='ltr'><em>vt</em></span> <span class='ocrx_word' id='word_1_179' title='bbox 1443 3792 1599 3872; x_wconf 83' lang='lat' dir='ltr'><em>fiue</em></span> <span class='ocrx_word' id='word_1_180' title='bbox 1638 3804 1853 3874; x_wconf 87' lang='lat' dir='ltr'><em>notio</em></span> <span class='ocrx_word' id='word_1_181' title='bbox 1898 3800 2185 3904; x_wconf 82' lang='lat' dir='ltr'><em>aliqua,</em></span> <span class='ocrx_word' id='word_1_182' title='bbox 2259 3797 2414 3875; x_wconf 82' lang='lat' dir='ltr'><em>fiue</em></span> <span class='ocrx_word' id='word_1_183' title='bbox 2462 3798 2750 3874; x_wconf 81' lang='lat' dir='ltr'><em>senten-</em></span> 
     </span>
     <span class='ocr_line' id='line_1_29' title="bbox 658 3913 2749 4027; baseline 0.004 -39"><span class='ocrx_word' id='word_1_184' title='bbox 658 3920 796 4005; x_wconf 82' lang='lat' dir='ltr'><em>tia,</em></span> <span class='ocrx_word' id='word_1_185' title='bbox 864 3913 1021 3990; x_wconf 84' lang='lat' dir='ltr'><em>fiue</em></span> <span class='ocrx_word' id='word_1_186' title='bbox 1063 3914 1625 4015; x_wconf 81' lang='lat' dir='ltr'><em>sententiarum,</em></span> <span class='ocrx_word' id='word_1_187' title='bbox 1707 3922 2059 4027; x_wconf 83' lang='lat' dir='ltr'><em>adeoque</em></span> <span class='ocrx_word' id='word_1_188' title='bbox 2117 3930 2342 4001; x_wconf 82' lang='lat' dir='ltr'><em>etiam</em></span> <span class='ocrx_word' id='word_1_189' title='bbox 2387 3949 2749 4025; x_wconf 84' lang='lat' dir='ltr'><em>praecep-</em></span> 
     </span>
    </p>
   </div>
   <div class='ocr_carea' id='block_1_3' title="bbox 657 4038 2748 4150">
    <p class='ocr_par' dir='ltr' id='par_1_3' title="bbox 657 4038 2748 4150">
     <span class='ocr_line' id='line_1_30' title="bbox 657 4038 2748 4150; baseline 0.007 -40"><span class='ocrx_word' id='word_1_190' title='bbox 657 4055 911 4113; x_wconf 86' lang='lat' dir='ltr'><em>torum</em></span> <span class='ocrx_word' id='word_1_191' title='bbox 954 4038 1051 4116; x_wconf 80' lang='lat' dir='ltr'><em>de</em></span> <span class='ocrx_word' id='word_1_192' title='bbox 1099 4069 1579 4150; x_wconf 81' lang='lat' dir='ltr'><em>quacumque</em></span> <span class='ocrx_word' id='word_1_193' title='bbox 1622 4045 1778 4128; x_wconf 77' lang='lat' dir='ltr'><em>fiue</em></span> <span class='ocrx_word' id='word_1_194' title='bbox 1824 4048 2126 4134; x_wconf 78' lang='lat' dir='ltr'><em>scientia</em></span> <span class='ocrx_word' id='word_1_195' title='bbox 2162 4047 2315 4131; x_wconf 82' lang='lat' dir='ltr'><em>fiue</em></span> <span class='ocrx_word' id='word_1_196' title='bbox 2359 4068 2554 4146; x_wconf 68' lang='lat' dir='ltr'><em>arte,</em></span> <span class='ocrx_word' id='word_1_197' title='bbox 2611 4047 2748 4125; x_wconf 80' lang='lat' dir='ltr'>ali-·</span> 
     </span>
    </p>
   </div>
   <div class='ocr_carea' id='block_1_4' title="bbox 721 4238 1243 4309">
    <p class='ocr_par' dir='ltr' id='par_1_4' title="bbox 721 4238 1243 4309">
     <span class='ocr_line' id='line_1_31' title="bbox 721 4238 1243 4309; baseline 0.006 -13"><span class='ocrx_word' id='word_1_198' title='bbox 721 4238 767 4306; x_wconf 69' lang='lat'><em>⁴)</em></span> <span class='ocrx_word' id='word_1_199' title='bbox 803 4238 925 4299; x_wconf 81' lang='lat' dir='ltr'><em>Inst.</em></span> <span class='ocrx_word' id='word_1_200' title='bbox 961 4242 1049 4309; x_wconf 74' lang='lat' dir='ltr'><em>VI,</em></span> <span class='ocrx_word' id='word_1_201' title='bbox 1081 4241 1132 4309; x_wconf 74' lang='lat'><em>3,</em></span> <span class='ocrx_word' id='word_1_202' title='bbox 1159 4260 1243 4301; x_wconf 78' lang='lat'><em>20.</em></span> 
     </span>
    </p>
   </div>
  </div>
 </body>
</html>
