3075 5114
831 342 1294 418 PRIORIS
1385 340 2005 417 EDITIONIS
2245 371 2502 423 xxvii

413 547 800 651 iungenda
842 568 1003 624 erat
1047 548 1294 651 aliqua
1323 572 1592 623 eorum
1635 554 1925 623 notatio
1974 568 2054 624 et
2083 547 2500 652 descriptio,

411 689 494 758 in
535 711 721 787 qua,
802 711 888 761 re
943 683 1093 785 ipsa
1151 682 1555 774 inuitant'e,
1644 683 1805 758 non
1842 685 2073 760 modo
2129 689 2499 763 nonnulla

408 820 845 921 diligentius
879 817 1151 895 excuffi
1172 875 1190 910 ,
1242 844 1441 921 quae
1471 817 1571 892 ad
1596 817 1868 893 horum
1898 821 2248 896 codicum
2274 821 2498 899 histo·

414 958 600 1028 riam
640 953 1090 1055 spectarent,
1158 980 1417 1030 verum
1465 960 1727 1047 etiam,
1789 980 1960 1030 cum
1999 955 2215 1033 valde
2247 958 2499 1034 turba·

416 1111 570 1165 tam
615 1112 691 1166 et
746 1089 1134 1167 confusam
1188 1089 1386 1167 hanc
1429 1096 1722 1167 critices
1767 1110 2057 1192 partem
2100 1089 2246 1168 ess'e
2289 1096 2494 1172 vide·

408 1253 604 1317 rem,
672 1227 893 1301 altius
936 1253 1099 1300 rem
1148 1225 1444 1301 exorsus
1490 1226 1682 1319 sum,
1744 1246 1819 1300 vt
1858 1233 2169 1304 omnino
2220 1230 2320 1306 de
2362 1257 2494 1317 co-

405 1363 701 1441 dicibus
741 1388 1218 1467 quaererem,
1293 1389 1630 1464 quorum·
1657 1364 1966 1464 quidem
2018 1372 2347 1467 *inquam
2394 1368 2492 1449 ab

407 1499 829 1576 editoribus
860 1499 1147 1600 Virgilii
1189 1504 1654 1575 mentionem
1702 1519 1780 1574 et
1827 1505 2172 1574 notitiam
2215 1501 2494 1581 factam

400 1636 773 1712 videram.⁸
858 1637 947 1707 In
997 1661 1225 1737 quam
1275 1639 1994 1710 commentationem
2033 1663 2209 1711 cum
2264 1639 2490 1719 semel

399 1766 869 1862 incidiss'em,
935 1795 1030 1845 eo
1078 1770 1492 1846 deductum
1536 1795 1663 1845 me
1702 1770 1888 1860 vidi,
1959 1790 2037 1845 vt
2065 1774 2148 1845 in
2179 1799 2302 1849 eas
2334 1777 2491 1851 edi·

400 1913 654 1982 tiones
692 1909 1183 2005 inquirerem,
1256 1933 1453 2008 quae
1492 1931 1590 1980 ex
1630 1904 2019 1981 codicibus
2051 1903 2332 2012 scriptis
2367 1940 2492 1989 ex-

399 2042 620 2120 cusae
660 2062 791 2116 aut
834 2041 1280 2118 emendatae
1329 2039 1475 2116 effe
1527 2042 2020 2117 traderentur.
2133 2047 2493 2128 Prooeffit

402 2186 509 2257 ita
551 2208 709 2256 non
743 2177 1371 2253 animaduertenti
1402 2175 1724 2252 studium
1771 2178 1869 2252 ad
1911 2177 2138 2279 ipsam
2178 2204 2492 2263 contex..

407 2338 526 2391 tus
571 2335 851 2417 poetae
911 2340 1137 2418 quam
1192 2313 1461 2389 dixeris
1503 2311 1917 2406 historiam,
1995 2320 2075 2389 in
2119 2343 2271 2418 qua
2315 2347 2494 2399 cum

408 2457 663 2527 omnia
720 2450 884 2525 fere
945 2448 1272 2525 tenebris
1331 2449 1664 2524 obducta
1720 2469 1798 2523 et
1854 2448 2242 2526 obscurata
2287 2459 2492 2536 vide·

403 2615 605 2678 rem,
685 2613 1014 2688 cumque
1035 2642 1054 2678 ,
1139 2612 1336 2689 quae
1391 2590 1622 2659 animi
1679 2584 1988 2660 humani
2048 2611 2315 2666 natura
2365 2597 2491 2690 est,

404 2726 714 2826 indigne
741 2722 1037 2815 ferrem,
1080 2726 1375 2824 quoties
1406 2722 1504 2799 de
1534 2726 1843 2821 antiqua
1875 2722 2124 2824 aliqua
2141 2728 2495 2809 editione

399 2881 791 2963 ageretur,
852 2858 1319 2935 haerendum
1344 2876 1428 2933 et
1475 2855 1976 2931 dubitandum
2014 2857 2193 2954 effe,
2265 2891 2492 2965 quor.

402 2995 561 3072 sum
602 2997 731 3069 illa
778 2993 1205 3087 referenda,
1262 3021 1460 3097 quae
1505 2998 1665 3069 eius
1705 3000 2108 3070 auctoritas
2141 2996 2491 3077 habenda

406 3131 623 3223 ess'et,
675 3156 908 3232 opera
949 3130 1254 3207 tandem
1293 3130 1436 3206 hac
1471 3130 1696 3205 semel
1737 3128 2304 3230 defungendum
2345 3136 2492 3214 effe

405 3270 804 3343 arbitratus
837 3264 1029 3358 sum,
1082 3286 1159 3340 vt
1198 3273 1279 3340 in
1313 3268 1732 3342 editionum
1767 3266 2066 3344 ordines
2101 3290 2178 3345 et
2210 3271 2488 3369 claffes,

403 3405 669 3505 stirpes·
705 3428 797 3477 ac
836 3399 1186 3494 familias,
1259 3405 1516 3505 paullo
1560 3408 1977 3477 accuratius
2006 3409 2488 3506 inquirerem.

405 3544 581 3638 Qua
606 3544 689 3613 in
730 3564 816 3613 re
856 3556 932 3610 vt
964 3538 1291 3640 quadam
1330 3559 1549 3614 tenus
1576 3538 1830 3613 saltem
1872 3541 2288 3641 procedere
2313 3533 2495 3625 lice-

405 3696 551 3768 ret,
619 3675 1043 3752 editionum
1077 3696 1254 3752 ante
1296 3682 1551 3749 omnia
1594 3675 1898 3749 annales
1941 3677 2246 3777 quidam
2278 3705 2492 3761 erant

410 3810 886 3889 conficiendi.
986 3815 1095 3885 Ea
1137 3818 1389 3887 omnia
1423 3810 1801 3900 subiunxi,
1848 3838 2007 3886 non
2049 3819 2260 3916 quod
2286 3823 2368 3893 in
2396 3827 2487 3898 iis

410 3973 533 4040 eo,
595 3974 755 4051 quo
805 3949 1402 4040 contendebam,
1456 3943 1873 4049 perueniffe
1920 3948 2102 4024 mihi
2148 3954 2489 4032 videbar:

396 4111 556 4159 non
616 4089 826 4160 enim
883 4084 1072 4178 haec
1141 4087 1235 4160 ab
1292 4111 1439 4160 vno
1485 4084 1796 4158 homine
1853 4083 2110 4183 perfici
2150 4088 2488 4189 poss'unt3

396 4242 475 4296 et
526 4222 774 4299 multa
837 4240 1093 4312 erunt,
1190 4246 1385 4323 quae
1440 4219 1536 4293 ad
1597 4219 1915 4296 alterum
1965 4247 2056 4312 ac
2097 4224 2488 4328 sequentes
