3075 5114
610 415 817 466 xm
1056 386 1061 391 ·
1282 352 2069 464 PRAEFATIO

546 593 554 602 '
613 583 1026 681 stimiss'em,
1079 605 1195 681 vt,
1247 607 1631 692 quotquot
1661 589 2381 692 quidemlectiones
2418 556 2708 670 varian-

616 756 728 811 tes
770 726 1048 805 alicubi
1098 743 1440 826 repertae
1477 722 1745 817 effent,
1843 731 1925 800 in
1978 727 2131 804 hoc
2180 726 2434 804 saltem
2471 754 2701 833 poeta

614 876 699 945 in
740 880 962 941 vnam
1004 834 1415 943 editionem
1456 859 1690 937 effent
1737 860 2167 962 congestae:
2258 882 2336 938 vt
2375 866 2528 944 hoc
2576 895 2716 943 ex··

618 1002 873 1103 emplo
902 980 1294 1101 'proposito
1340 996 1851 1073 adolescentes
1897 994 2199 1074 studiosi
2240 1006 2551 1076 omnino
2583 1031 2708 1078 va-

617 1142 873 1215 riantis
915 1139 998 1206 in
1038 1131 1265 1207 codd.
1309 1150 1387 1206 et
1434 1132 1608 1208 edd.
1656 1131 2006 1209 lectionis
2046 1159 2342 1210 morem
2387 1156 2465 1213 et
2500 1138 2705 1216 vsum

617 1269 1122 1360 addiscerent,
1181 1265 1704 1368 sollemnesque
1731 1267 1971 1368 lapsus
2011 1289 2089 1344 et
2132 1269 2707 1352 allucinationes

618 1411 1093 1489 librariorum
1132 1399 1297 1477 -fibi
1370 1401 1769 1477 familiares
1839 1404 2271 1482 redderent.
2426 1412 2714 1487 Curaui

618 1559 881 1626 tamen
932 1533 1148 1614 fimul
1207 1538 1395 1631 hoc,
1485 1558 1569 1614 vt
1625 1539 1779 1614 hoc
1835 1537 1991 1641 ipso
2034 1543 2382 1644 exemplo
2428 1571 2710 1647 propo-

622 1680 763 1758 fito
812 1677 1126 1752 omnino
1180 1671 1281 1750 de
1351 1692 1522 1749 toto
1581 1676 1736 1751 hoc
1798 1700 2077 1777 genere
2123 1697 2331 1753 recte
2388 1676 2712 1768 statuere

621 1810 1134 1892 affuercerent.
1236 1790 1445 1886 Bene
1487 1815 1694 1885 enim
1740 1835 1836 1884 ex
1881 1814 2121 1910 prima
2168 1832 2417 1890 aetate
2454 1841 2724 1893 recor.-

622 1952 804 2042 dor,
896 1972 1128 2050 quam
1181 1971 1449 2046 parum
1505 1944 1892 2046 explicitas
1941 1931 2020 2020 et
2070 1943 2290 2021 iustas
2323 1956 2712 2029 motiones

622 2087 726 2164 de
766 2086 1101 2161 lectione
1144 2086 1476 2156 variante
1505 2079 1966 2155 imbiberim:
2046 2108 2224 2158 cum
2266 2108 2428 2157 non
2470 2086 2708 2162 modo
2747 2156 2748 2163 ,

625 2219 1069 2298 eruditionis
1127 2215 1454 2292 liberalis
1512 2214 1873 2290 summam
1927 2221 2010 2292 in
2070 2223 2327 2294 critica
2344 2271 2364 2309 ‚
2445 2246 2709 2296 verum

626 2361 858 2432 etiam
888 2355 1200 2428 >critices
1244 2349 1602 2426 summam
1638 2350 1720 2427 in
1764 2352 2108 2428 lectionis
2150 2358 2493 2428 variantis
2541 2356 2712 2431 dili-

627 2493 970 2593 gentiore
1010 2483 1253 2562 studio
1298 2507 1378 2564 et
1417 2491 1497 2562 in
1531 2488 1899 2565 elicienda
1931 2488 2181 2594 aliqua
2221 2487 2424 2566 selici
2456 2517 2716 2570 emen-

628 2628 937 2701 datione
981 2623 1102 2698 vel
1141 2626 1612 2716 coniectura,
1684 2630 2056 2720 contineri
2102 2627 2465 2702 audirem.
2519 2623 2524 2628 ’
2578 2632 2714 2703 At-

626 2767 764 2865 qui
802 2763 1045 2833 maior
1083 2758 1304 2834 huius
1347 2784 1606 2834 curae.
1637 2786 1807 2862 pars
1866 2761 1964 2835 ad
2029 2761 2267 2836 solum
2337 2762 2708 2839 editorem

629 2898 945 3000 spectat,
1017 2893 1116 2968 ad
1142 2893 1552 2970 lectionem
1601 2915 1678 2970 et
1715 2900 2411 2998 interpretationem
2439 2926 2707 3001 parum

626 3052 759 3106 aut
803 3028 1042 3133 nihil.
1123 3054 1272 3104 nec
1329 3027 1465 3102 nifi
1519 3034 1603 3102 in
1648 3030 1836 3106 locis
1890 3030 2170 3122 dubiis,
2247 3011 2580 3109 'obscuris
2628 3055 2709 3112 et

628 3171 1023 3267 corruptis.
1125 3165 1413 3239 Verum
1462 3182 1540 3238 et
1580 3163 1733 3265 ipse
1765 3163 2011 3240 editor
2041 3192 2136 3240 ex
2168 3171 2378 3240 omni
2406 3168 2533 3241 illa
2563 3169 2720 3243 far-³

624 3308 887 3404 ragine
943 3322 1321 3401 perpauca
1387 3298 1680 3374 tollere‘
1722 3297 1997 3400 potest5
2084 3298 2437 3401 quorsum
2503 3309 2707 3390 enim

552 3446 569 3457 ‘
624 3462 767 3540 pro
808 3434 1144 3510 lectione
1186 3438 1518 3509 variante
1562 3433 1920 3530 sollennia
1968 3453 2046 3510 et
2099 3435 2199 3509 ad
2240 3433 2521 3510 sensum
2568 3437 2707 3512 ob·
2815 3497 2820 3506 .

624 3579 742 3650 via
780 3574 959 3647 vitia
1021 3568 1493 3643 librariorum
1507 3622 1529 3661 ,
1639 3578 1953 3645 errores.
1978 3588 2056 3644 et
2095 3566 2427 3670 stupores
2469 3578 2706 3649 mani-

625 3705 826 3798 festi,
898 3703 1306 3780 sexcenties
1349 3700 1915 3777 obtruduntur?
1968 3708 2332 3805 ⁴inprimis
2386 3708 2510 3781 vbi
2548 3735 2705 3785 me.

623 3844 773 3917 lior
806 3845 958 3914 iam
998 3839 1236 3916 lectid
1287 3845 1369 3913 in
1420 3838 1642 3913 bonis
1699 3838 2154 3914 editionibus
2216 3841 2491 3945 vbique
2544 3845 2708 3919 vu1-·

618 3995 790 4080 gata
837 3974 961 4051 est.
1091 3974 1521 4050 Subtilitate
1576 3978 1863 4049 maiore
1915 3979 1997 4049 in
2047 3974 2521 4077 scriptoribus
2566 4006 2700 4081 pa-

620 4135 790 4182 rum
848 4108 1234 4210 perpolitis
1301 4130 1433 4184 aut
1493 4115 1578 4184 in
1646 4110 1833 4184 locis
1897 4119 2267 4214 corruptis
2329 4140 2519 4214 opus
2565 4113 2698 4189 est.

618 4242 749 4319 Est·
781 4242 1309 4335 alia..varietas‘‚
1401 4268 1600 4346 quae
1641 4271 1785 4322 nec
1821 4251 1914 4320 in
1958 4246 2378 4325 sententiae·
2410 4274 2560 4326 nec
2607 4254 2690 4324 in
