3075 5114
472 355 477 361 .
574 297 676 371 66
988 290 1074 365 Ρ.
1114 292 1632 367 VIRGILII
1696 289 2229 368 MARONIS

487 540 496 553 .
581 489 835 582 Quem
880 477 1115 581 fugis,
1167 480 1267 554 ah
1312 479 1679 561 demens?
1769 448 2211 557 habitarunt
2260 482 2339 556 di
2385 507 2702 585 quoque

1844 603 2085 697 siluas,
2579 612 2683 683 60

583 729 1174 830 Dardaniusque
1206 731 1442 801 Paris.
1514 726 1788 818 Pallas,
1842 756 2029 830 quas
2084 730 2452 823 condidit,
2488 759 2700 808 arces

587 854 752 956 Ipsa
798 854 1034 929 colat:
1097 852 1318 926 nobis
1351 852 1713 952 placeant
1756 873 1936 929 ante
1983 862 2242 930 omnia
2277 853 2527 930 filuae.

588 983 854 1061 Torua
876 977 1146 1053 leaena
1167 977 1432 1077 lupum
1465 974 1831 1078 sequitur3
1858 977 2078 1079 lupus
2107 980 2260 1080 ipse
2290 982 2693 1081 capellam;

592 1104 1024 1183 Florentem
1073 1098 1380 1195 cytisum
1432 1098 1768 1201 sequitur
1811 1101 2087 1179 lasciua
2131 1104 2459 1205 capella;

731 1252 799 1307 60
840 1254 1021 1323 Quam
1041 1248 1104 1322 f.
1145 1250 1362 1321 Menag.
1407 1248 1506 1302 sec.
1592 1268 1645 1311 a,
1678 1250 1774 1312 ab,
1823 1251 1918 1313 ha,
1967 1271 1999 1304 ο
2031 1252 2149 1314 alii,
2200 1269 2254 1307 vt
2300 1251 2409 1305 fere
2448 1252 2504 1305 iu
2540 1234 2722 1306 lib‘ris'

595 1338 823 1391 variatur
868 1334 1131 1407 scriptura.

466 1437 475 1445 ‘
603 1423 696 1478 illa
728 1424 856 1486 dea,
899 1441 1034 1496 quae
1059 1420 1302 1503 condidit
1335 1440 1498 1476 arceo.

600 1506 672 1565 63
711 1510 967 1580 capellas
993 1508 1154 1562 Rom.

689 1633 793 1694 60.
823 1627 1220 1688 habitarunt
1246 1628 1320 1688 di
1345 1651 1609 1711 quoque

582 1730 816 1809 filuas.
942 1733 1185 1794 Notum
1252 1733 1607 1815 exemplum

599 1833 866 1895 Phoebi.
942 1835 1130 1896 Ouid.
1166 1836 1297 1895 Art.
1331 1835 1423 1909 II,
1460 1837 1605 1917 239.

597 1936 930 2025 Tibull.II‚
961 1941 1025 2011 3,
1063 1959 1088 1999 1
1108 1960 1159 2000 1.
1200 1939 1369 1999 Paris
1398 1954 1607 1998 autem

596 2044 767 2101 inter
793 2036 1067 2121 pastores
1102 2040 1398 2102 adoleuit.
1469 2040 1609 2099 Pal-

598 2144 690 2204 las
739 2163 890 2203 vero
937 2136 1194 2215 πολιὰς,
1254 2140 1605 2224 πολιοῦχος,

600 2242 823 2329 οἶκροιία
842 2244 898 2305 sa
908 2248 979 2305 tis
994 2259 1167 2307 nota.
1192 2266 1249 2305 v.
1265 2242 1603 2327 spanhem.

600 2348 683 2408 nd
717 2347 956 2409 callim.
979 2362 983 2367 ·
1006 2348 1160 2407 L'au.
1200 2348 1347 2412 Pan.
1381 2349 1482 2411 53.
1527 2348 1604 2411 cf.

599 2450 827 2513 Cerda.
913 2450 1251 2512 Enimuero
1299 2452 1449 2535 quid
1494 2448 1602 2525 est,

603 2577 775 2640 quas
836 2552 1189 2618 condidit?
1258 2553 1361 2615 An
1397 2553 1607 2636 plures

602 2658 797 2730 arces,
831 2650 1210 2741 ἀκροπόλεις,
1251 2659 1605 2718 Mineruam

602 2758 942 2838 condidiss'e
998 2758 1273 2830 constat?
1357 2760 1606 2821 Scilicet

598 2864 955 2927 reuocanda
986 2885 1084 2925 res
1116 2864 1197 2924 ad
1237 2862 1389 2926 solas
1413 2863 1607 2925 Athe-

597 2988 751 3031 nas:
839 2965 1079 3026 habitet
1144 2964 1393 3028 Athene
1470 2965 1605 3026 suas

599 3069 908 3140 Athenas,
954 3090 1218 3151 quarum
1268 3068 1457 3128 tutela
1497 3068 1604 3128 ina

599 3165 708 3235 est.
779 3172 984 3232 Etiam
1024 3169 1180 3232 haec
1208 3172 1424 3252 paullo
1454 3170 1606 3231 doc·

597 3280 760 3336 tiore
773 3315 797 3347 ,
877 3294 1066 3356 quarn
1118 3294 1236 3354 pro
1286 3269 1603 3355 pastorum

596 3380 879 3461 ingenio,
923 3376 1120 3437 videri
1154 3374 1425 3457 debent;
1466 3397 1604 3437 mo-

595 3485 736 3544 :nuit
777 3498 1030 3562 quoque
1059 3478 1338 3539 Klotzius
1369 3478 1596 3561 Opusc.

593 3603 742 3665 pag.
773 3582 916 3643 285.
1002 3581 1271 3641 Omauit
1299 3580 1452 3643 haec
1476 3582 1599 3645 Po-

594 3689 736 3766 pius
764 3680 1013 3750 Pallor.
1043 3684 1125 3758 11,
1159 3688 1243 3765 59
1279 3684 1410 3770 sqq.

724 3790 829 3851 65.
903 3787 996 3846 Ex
1037 3786 1303 3849 Theocr.
1346 3790 1442 3862 X,
1483 3790 1592 3864 30,

591 3912 723 3975 quo
753 3893 918 3962 loco,
952 3881 1255 3975 quidquid
1270 3893 1595 3953 Gramma-

587 3997 697 4054 tici
724 4014 843 4075 pro
858 3993 1121 4076 Virgilio
1139 3995 1371 4071 dicunt,
1390 3997 1590 4058 multo

497 4159 498 4162 ,
587 4094 977 4158 commodius
1004 4112 1070 4156 et
1099 4097 1435 4183 elegantius
1471 4120 1591 4181 po·

1636 1425 1704 1478 62
1745 1423 1885 1477 colit
1916 1423 2024 1477 duo
2053 1425 2234 1478 Burm.

1293 1508 1362 1577 64
1398 1509 1503 1562 Hic
1545 1498 1715 1564 versu's
1759 1507 1903 1564 abest
1932 1528 1961 1562 ι
1987 1510 2122 1563 Ven.
2156 1496 2209 1564 et
2229 1508 2489 1565 Rottend.

1294 1338 1356 1389 61
1399 1354 1548 1407 quae
1587 1337 1856 1389 condidit
1907 1338 2043 1391 Pier.
2090 1357 2152 1391 ex
2193 1339 2353 1393 Rom.
2385 1352 2439 1391 vt
2477 1336 2541 1391 fit
2580 1338 2690 1413 ipsa

2311 1426 2507 1478 colant
2529 1425 2690 1477 Rom.

1689 1651 1788 1691 ras
1839 1629 2075 1690 ardoris
2131 1629 2220 1690 sui
2265 1629 2696 1691 incredibilem

1687 1736 1815 1795 vim
1860 1747 1925 1793 et
1963 1736 2267 1814 impetum
2318 1729 2445 1792 fiue
2501 1753 2694 1813 expo·

1686 1856 1841 1898 nere
1884 1832 2011 1895 fiue
2055 1833 2337 1894 excusare
2375 1836 2692 1915 putandus

1691 1935 1796 2001 est.
1905 1939 2128 1997 Torua
2182 1934 2269 1998 est
2320 1938 2690 2013 truculenta,

1689 2040 1821 2123 ipso
1853 2039 2141 2121 adspectu
2172 2039 2457 2101 terribilis
2468 2083 2491 2114 ,
2538 2042 2691 2121 βλο-

1689 2136 1860 2228 συροὶ.
1926 2141 2134 2224 sequi
2167 2156 2372 2202 autem
2399 2162 2535 2203 non
2560 2164 2690 2205 vno

1687 2244 1862 2308 sensu
1926 2248 2221 2324 ponitur3
2314 2244 2437 2305 alio
2520 2249 2692 2307 enim

1688 2349 1882 2411 modo
1943 2346 2246 2431 Corydon
2313 2348 2536 2409 Alexin
2600 2349 2693 2409 se·

1688 2456 1938 2536 quitur,
2029 2471 2216 2533 quam
2272 2449 2377 2510 leo
2447 2451 2688 2532 lupum.

1691 2560 1794 2636 64.
1863 2553 2116 2635 CyeiJits
2164 2552 2400 2614 fruticis
2447 2544 2687 2638 genus,

1686 2658 1951 2740 rhamno
1992 2655 2219 2730 similis»,
2281 2659 2492 2719 colore
2537 2657 2688 2717 albi-

1691 2780 1891 2836 cante,
1925 2764 2110 2822 ramis
2139 2761 2271 2822 fere
2294 2759 2687 2834 cubitalibus,

1686 2866 1962 2926 iucundo
2019 2865 2313 2926 foliorum
2368 2864 2565 2925 odore
2623 2879 2688 2924 et

1686 2967 1935 3048 sapore,
1980 2967 2198 3048 apibus
2229 2983 2293 3027 et
2326 2973 2521 3049 capris
2554 2987 2692 3050 gra-

1685 3084 1839 3129 tum.
1984 3067 2352 3130 Nostrorum
2439 3070 2692 3149 Cyctsus

1683 3173 2066 3231 Mat-antae.
2124 3173 2283 3232 Plin.
2340 3172 2530 3245 XIII,
2584 3180 2684 3251 24.

1683 3294 1741 3334 v.
1760 3274 2012 3332 Martin-
2042 3274 2161 3334 Ge.
2190 3274 2271 3348 II,
2288 3277 2435 3353 431.
2473 3273 2682 3334 Audio

1684 3391 1898 3438 tamen
1938 3381 2277 3437 etiamnum
2307 3371 2521 3454 frustra
2566 3374 2690 3438 hoc

1685 3476 1895 3557 ass'eri3
1934 3497 2053 3539 nec
2094 3476 2392 3555 constare,
2442 3483 2553 3562 qui
2583 3500 2687 3563 cy-

1681 3581 1824 3642 tisus
1871 3597 2150 3643 veterum
2192 3579 2280 3645 fit.
2402 3583 2589 3644 Certe
2645 3604 2686 3644 e

1679 3684 1865 3746 XVII
1891 3683 2207 3766 speciebus
2239 3689 2308 3744 in
2344 3669 2527 3746 Linn.
2579 3686 2680 3747 ed.

1676 3790 1933 3873 Mun-ay
1964 3810 2027 3869 p.
2063 3790 2191 3851 666
2232 3786 2403 3847 nulla
2449 3809 2684 3849 conue-
2774 3819 2791 3834 ν

1674 3897 1806 3962 :nin
1902 3888 2022 3951 effe
2065 3892 2228 3952 forte
2279 3891 2683 3974 medicaginis

1676 3992 2118 4060 arborescentis
2155 4014 2349 4077 genus
2376 3991 2681 4075 suspican-

1675 4115 1777 4160 tur
1822 4102 1966 4158 artis
2010 4102 2213 4179 periti.
2320 4097 2552 4157 Verum
2595 4097 2677 4160 ad

584 4195 766 4259 [itum
810 4196 915 4262 est.
959 4246 968 4256 .
1004 4198 1125 4260 Hic
1164 4202 1462 4288 Corydon
1491 4207 1590 4264 in·
1670 4216 1913 4264 veteres
2000 4216 2220 4283 poetas
2305 4199 2459 4263 haec
2533 4201 2674 4263 sunt

587 4317 678 4363 ter
705 4301 852 4363 alias
893 4304 1084 4366 animi
1113 4301 1438 4371 aestuantis
1480 4323 1589 4370 cu-
1670 4298 2112 4392 οἱπροςὸιόνυσσι.

2152 4401 2167 4440 1
2278 4309 2380 4374 65.
2450 4309 2669 4370 trahit
