3075 5114
594 297 684 375 14
790 280 795 288 '
896 274 1108 363 'DE
1175 288 2359 364 GARM1NEBVCOL100

579 480 765 578 pius
830 475 1301 549 admoueret
1374 472 1866 554 bucolicum,
1977 501 2160 546 cum
2238 501 2340 547 ex
2408 467 2677 571 prisca.

520 643 525 648 ·
590 580 924 677 heroum
952 610 1131 677 vita
1149 602 1426 701 sensus
1459 620 1534 674 et
1554 602 1996 700 sententias
2036 603 2330 701 inf'erre
2364 600 2630 672 liceret
2642 623 2676 681 ;

595 734 690 808 id
741 733 965 835 quod
1014 735 1339 804 omnino
1397 757 1562 802 non
1618 732 1861 803 modo
1927 734 2045 803 ad
2103 728 2702 825 excusandurm‘

597 887 880 963 verum
945 874 1022 931 et
1074 857 1626 960 probandum,
1718 860 2088 933 Maronis
2140 858 2520 960 spiritum
2595 856 2683 924 in

602 988 966 1062 bucolico
1010 1013 1300 1088 genere
1337 985 1583 1058 valet.
1687 986 1956 1059 Licuit
1995 1014 2159 1060 non
2203 990 2460 1058 minus
2499 984 2685 1054 Mc»

605 1122 788 1191 roni
864 1112 957 1188 id
1007 1116 1340 1215 facere,
1424 1137 1673 1212 quam
1759 1116 2176 1188 Theocrito
2261 1112 2690 1210 Cyclopem

606 1245 992 1344 Idyllium
1021 1240 1414 1341 scribere-,-
1477 1255 1556 1312 et
1602 1241 2216 1340 antiquioribus,
2270 1234 2450 1339 post
2494 1239 2692 1309 Tra-

607 1375 996 1480 goediam
1071 1388 1149 1443 et
1233 1370 1762 1445 Comoediam
1847 1373 2169 1441 Drama
2248 1368 2696 1463 Satyricum·

616 1503 996 1579 condere,
1075 1500 1298 1599 quod
1360 1498 1964 1597 quodammodo
2038 1498 2494 1595 comparari
2549 1518 2698 1591 po-

614 1626 778 1728 tqfi.
895 1628 1158 1703 Aliud
1212 1653 1458 1727 porro
1519 1629 1893 1709 carminis
1933 1622 2375 1725 pastoricii,
2450 1622 2694 1692 modo
2731 1682 2748 1691 -

618 1775 938 1830 tantum
979 1760 1360 1859 variato,·
1383 1778 1634 1854 genus
1675 1749 1782 1849 0st
1821 1754 2000 1832 hoc,
2052 1771 2148 1842 vt,
2204 1751 2301 1824 ad
2337 1754 2700 1823 maiorem

621 1891 1042 1959 animorum
1099 1882 1594 1981 voluptatem,
1665 1906 1859 1969 rem,
1923 1878 2206 1954 factum
2270 1898 2402 1951 aut
2451 1874 2702 1951 c‘asum

621 2011 1044 2085 nostrorum
1091 2010 1505 2098 hominum,
1582 2006 2001 2081 nostrorum
2049 2026 2496 2108 temporum,
2543 2027 2701 2083 ‚co-

621 2138 908 2213 loribus
961 2157 1039 2214 et
1078 2141 1483 2237 pigmentis
1542 2161 1586 2206 a
1634 2140 1781 2207 vita
1835 2132 2209 2235 pastoritia
2266 2139 2516 2236 petitis
2584 2155 2704 2204 or-

626 2290 929 2353 nemuS,
1026 2282 1105 2336 et
1172 2290 1339 2335 non
1413 2266 1656 2334 modo
1719 2264 1837 2335 ad
1879 2261 2235 2360 fabulae
2293 2260 2706 2334 bucolicae

633 2394 969 2464 modum
1005 2407 1455 2469 tractemus,
1485 2391 1648 2489 sed
1679 2395 1927 2463 eciam
1967 2396 2055 2462 in
2074 2390 2463 2495 fabulam
2500 2394 2706 2460 inter
2760 2442 2767 2448 -

622 2500 984 2625 pastores
1027 2516 1332 2622 gastum
1367 2537 1934 2633 commutemus
1943 2549 1972 2608 ;
2028 2522 2432 2594 interdum
2459 2522 2707 2590 etiam

631 2673 805 2718 rem
874 2649 960 2717 in
1034 2653 1551 2751 antiquorum
1623 2647 1949 2719 illorum
2021 2665 2466 2744 temporum
2518 2644 2707 2742 fim-

624 2774 1001 2876 plicitate
1051 2793 1128 2848 et
1171 2776 1614 2876 securitate
1668 2780 1811 2877 agi
1863 2793 2008 2847 aut
2071 2784 2386 2860 euenire
2430 2777 2708 2876 finga-

637 2928 834 2975 mus.
946 2903 1187 2979 Cuius
1228 2908 1576 3005 generis,
1647 2906 1871 3004 quod
1913 2909 2187 3002 priore
2237 2907 2379 2978 illo
2446 2904 2738 2977 multisx

643 3013 906 3103 modis
954 3031 1281 3128 inferius
1323 3031 1783 3104 habendum
1829 3027 1972 3126 ‘st'
2042 3058 2187 3103 nec
2240 3051 2512 3104 tamen
2547 3031 2715 3127 sua

642 3159 933 3237 laude,
992 3158 1160 3254 sua
1208 3164 1488 3260 gratia
1539 3184 1641 3230 ac
1667 3159 2128 3256 suauitate,
2207 3176 2465 3237 caret,
2535 3157 2715 3229 reli-

640 3309 857 3384 quae
884 3283 1072 3380 fere
1125 3284 1452 3386 Virgilii
1472 3285 1674 3383 sunt
1723 3284 2072 3386 eclogae.
2186 3287 2401 3385 Quid
2423 3288 2716 3356 enim?

642 3414 885 3512 prima
929 3426 1006 3482 et
1051 3436 1255 3484 nona
1301 3441 1413 3484 an
1449 3418 1881 3514 quicquam
1922 3413 2180 3491 aliud,
2243 3439 2490 3513 quam
2527 3438 2718 3514 poe·

647 3556 788 3614 tae
854 3538 1125 3635 casum
1182 3556 1261 3611 et
1314 3543 1958 3614 Mantuanorum
2008 3541 2480 3638 fortunam,
2547 3558 2720 3619 aut,

526 3687 531 3694 ·
628 3665 710 3765 ]ὶ
760 3668 911 3739 hoc
974 3671 1232 3767 magis
1270 3668 1583 3769 placet,
1646 3665 1972 3766 istorum
2031 3685 2238 3743 certe
2283 3686 2727 3769 temporum

656 3794 1209 3868 calamitatem
1254 3801 1637 3870 enarrat?
1666 3800 1733 3888 ¹³)
1839 3799 2163 3873 Decima
2221 3798 2448 3870 Galli
2483 3807 2727 3869 'amo-

654 3948 812 4004 res,
865 3921 1025 4022 sub
1070 3920 1467 4026 pastorali
1504 3925 1855 4024 fabula,
1939 3929 2285 4026 exponit.
2441 3928 2726 4022 Quarta

719 4128 773 4196 ”)
810 4130 941 4185 Non
976 4149 1195 4205 potuere
1234 4137 1515 4191 Maronem
1543 4137 1653 4190 Va·
1738 4133 1952 4208 quidem
2024 4133 2113 4190 ille
2173 4134 2410 4189 similem·
2456 4134 2724 4188 fortunam

644 4213 771 4273 'roffi
831 4218 1050 4275 Catonis
1106 4222 1270 4276 Dirae
1321 4223 1529 4296 fugere,
1610 4213 1655 4280 fi
1721 4217 1952 4278 'Sullana
1977 4221 2357 4297 proscriptione
2402 4239 2640 4294 expertus
2676 4236 2729 4274 et
