3075 5114
616 369 721 453 4⁴

609 550 793 637 Non
829 549 1114 628 insueta
1165 558 1412 655 grauis
1465 550 1866 626 tentabunt
1906 551 2186 653 pabula
2232 551 2460 645 fetas;

1035 362 1121 442 Ρ.
1168 363 1667 445 VIRGILII
1723 361 2250 442 MARoms

2593 548 2699 628 50

612 692 779 764 Nec
815 689 1014 765 mala
1053 694 1278 766 vicini
1320 692 1619 789 pecon‘s
1664 693 2011 789 contagia
2057 688 2391 765 laedent.

611 826 1020 903 Fortunate
1062 821 1317 915 senex,
1370 822 1497 898 hic
1537 828 1739 898 inter
1780 822 2094 898 flumina
2134 844 2319 900 nota

748 995 820 1053 50
854 994 1070 1065 pascua
1107 992 1355 1047 nonnulli
1394 1012 1458 1049 α
1500 1010 1671 1049 antec.
1712 1014 1811 1069 pto
1836 994 2037 1069 setas,
2128 1014 2220 1053 aut
2264 1013 2319 1052 vt
2361 997 2516 1072 vulgo
2542 995 2694 1050 -mnlo

612 1080 850 1138 scribitur
889 1078 1000 1142 (est
1029 1080 1171 1134 enim
1199 1100 1236 1135 a
1261 1080 1382 1144 seo)
1418 1079 1643 1151 foetas,

1117 1168 1180 1223 51
1221 1164 1359 1223 Non
1397 1165 1581 1219 Schol.
1620 1168 1804 1222 quen.
1833 1171 1910 1229 11.
1944 1172 2031 1225 81.

610 1182 666 1222 vt
699 1166 802 1222 sint
841 1167 980 1238 agni.

615 1254 762 1309 dam
797 1252 1031 1317 chais..
1071 1250 1230 1308 male.

605 1410 687 1473 ιοι
727 1398 920 1478 magis
961 1396 1048 1456 ita
1100 1392 1161 1456 se
1214 1389 1446 1455 habere
1507 1392 1617 1456 de·

609 1497 751 1561 buit
788 1501 858 1559 in
890 1500 1047 1582 agris
1089 1496 1170 1558 ad
1199 1497 1504 1558 Mincium
1546 1494 1612 1560 fl.

610 1599 769 1677 fitis,
818 1605 988 1663 cuius
1022 1616 1086 1662 et
1124 1598 1507 1684 stagnatione
1550 1614 1616 1661 et

608 1706 928 1791 frequenti
967 1703 1387 1767 exundatione
1436 1704 1615 1787 palu-

613 1810 724 1872 des
767 1809 948 1870 facile
989 1803 1242 1869 existere
1286 1821 1614 1889 poterant;

608 1912 807 1976 Erant
847 1926 1056 1973 autem
1084 1911 1361 1970 Maronis
1401 1913 1532 1991 agri
1576 1930 1613 1969 a

609 2016 776 2077 cliuo
818 2014 968 2074 inde
997 2013 1171 2074 collis
1200 2011 1282 2070 ad
1311 2031 1458 2071 eum
1493 2008 1613 2070 flu-

609 2122 783 2180 vium
837 2114 967 2189 siti,
1049 2111 1275 2196 quibus
1325 2112 1610 2174 adiacere

608 2218 887 2282 debuere
930 2216 1034 2277 alii
1077 2214 1303 2276 eodem
1348 2212 1463 2275 fitu
1508 2235 1611 2275 ea-

610 2322 882 2402 demque
910 2317 1307 2380 conditione:
1349 2316 1607 2391 Ecl.1x,

607 2445 670 2509 7.
731 2422 843 2498 VI,
899 2444 994 2483 12.
1073 2422 1191 2483 Ge.
1220 2421 1332 2495 ΙΙΙ,
1374 2429 1465 2500 14.
1510 2424 1606 2485 15.

605 2528 688 2604 11,
745 2528 883 2610 198.
917 2525 1075 2608 2199·
1140 2525 1298 2587 Aen.
1328 2526 1413 2601 X,
1463 2527 1606 2591 205.

608 2635 755 2698 206.
823 2632 1009 2692 Nunc
1041 2633 1231 2714 igitur
1253 2627 1609 2690 Meliboeus

603 2739 812 2821 pergit
842 2756 898 2794 v.
932 2737 1016 2798 50
1050 2753 1407 2816 comparare
1436 2732 1608 2794 suam

603 2840 1050 2902 calamitatem:
1131 2857 1317 2911 mm,
1377 2840 1604 2923 inquit,

607 2962 646 3004 n
715 2944 871 3003 meis
939 2943 1098 3025 agris
1161 2939 1606 3002 discedendum

602 3044 759 3108 mihi
811 3033 919 3105 fit:
1014 3064 1227 3129 neque
1284 3066 1362 3105 ex
1418 3060 1606 3125 partu

602 3150 766 3212 male
796 3143 1048 3209 affectas
1077 3148 1341 3229 capellas
1372 3167 1606 3208 conue-
1632 3147 1642 3154 ’

600 3257 821 3317 niente
863 3249 1099 3331 pabulo
1140 3249 1430 3325 reficere,
1490 3269 1605 3310 ne-

601 3376 767 3440 que,
837 3373 979 3414 cum
1029 3350 1183 3413 mihi
1227 3349 1403 3424 illae,
1478 3371 1605 3435 qua

601 3456 731 3524 fors
767 3453 957 3530 dabit,
1001 3454 1280 3539 agendae
1307 3450 1456 3528 sint,
1516 3452 1604 3513 sa-

601 3564 683 3622 tis
718 3578 935 3619 cauere
978 3562 1050 3619 iis
1093 3554 1356 3638 pofl'um,
1419 3576 1502 3618 ne
1533 3560 1604 3618 in

601 3682 821 3748 greges
864 3664 1190 3745 contagio,
1248 3659 1421 3745 quod
1465 3680 1605 3720 ma-

604 3767 746 3829 lum
779 3763 840 3825 h.
870 3769 1128 3825 noxium
1160 3764 1416 3840 dicitur,
1449 3779 1604 3842 ‚tac-

1689 1082 1933 1136 nonnulli
1960 1103 2083 1139 cum
2112 1084 2281 1139 Goth.
2310 1083 2407 1137 sec.
2459 1082 2686 1158 foetus,

2126 1172 2219 1226 Ne
2264 1171 2423 1224 mala
2458 1195 2531 1212 ·-·
2572 1170 2692 1223 lae·-

1365 1254 1436 1308 52
1473 1260 1630 1307 incra
1656 1252 1824 1309 Goth.
1849 1254 1949 1309 sec.

1694 1416 1821 1470 κᾶε,
1861 1410 2047 1478 partu
2079 1393 2402 1471 liberatas,
2458 1410 2528 1456 vt
2569 1393 2696 1457 sae-

1695 1521 1815 1582 pez
1868 1499 2010 1560 vide
2039 1500 2140 1560 vel
2168 1501 2375 1560 Burm.
2410 1499 2488 1561 ad
2519 1501 2694 1561 Sam-

1696 1623 1869 1664 mon.
1912 1624 1965 1663 c.
2005 1605 2098 1666 13.
2131 1603 2206 1662 cf,
2237 1590 2491 1665 Gesner.
2508 1600 2692 1664 Thes.

1697 1702 1760 1765 h.
1794 1726 1854 1766 v.
1921 1705 2018 1765 Eo
2061 1704 2232 1766 sensu
2255 1707 2421 1787 feta
2461 1707 2694 1788 vulpes

1697 1827 1798 1888 ap.
1832 1807 2047 1867 Horat.
2078 1808 2188 1896 111,
2228 1831 2330 1890 27,
2366 1819 2430 1890 4,
2465 1826 2533 1871 vt
2560 1831 2695 1871 rec-

1695 1923 1759 1970 te
1787 1909 2102 1973 Bentleius
2136 1916 2374 1993 accipit.
2442 1912 2693 1974 Grauis

1694 2008 1755 2071 h.
1791 2033 2001 2096 aegras
2031 2035 2066 2075 e
2108 2031 2309 2096 partu.
2405 2019 2694 2077 Tentare

1694 2113 1775 2175 de
1801 2113 2033 2177 morbis
2060 2122 2332 2198 proprie.
2420 2120 2513 2180 Ita
2552 2138 2690 2183 non

1690 2214 1934 2279 necefl'e
1972 2240 2110 2279 cum
2148 2220 2277 2282 aliis
2316 2218 2691 2305 distinguere

1690 2317 1832 2403 post
1892 2321 2185 2404 pabula,
2290 2339 2356 2385 et
2417 2344 2685 2403 graues,

1692 2424 1997 2508 grauidas,
2020 2426 2218 2506 secas
2246 2442 2474 2503 autem,
2521 2449 2686 2513 quae
2730 2450 2737 2460 ’

1689 2548 2031 2610 peperere,
2133 2530 2517 2615 intelligere,
2621 2545 2690 2594 vt

1692 2631 1895 2693 Cerda
1937 2632 2103 2693 fecit.

1777 2738 1880 2799 52.
1942 2734 2251 2795 Flumina
2296 2750 2462 2797 noca
2516 2737 2685 2797 Min-

1690 2842 1816 2900 cius
1851 2854 1914 2900 et
1944 2839 2187 2918 Padus3
2240 2860 2508 2924 quorum
2536 2861 2685 2921 pro·

1686 2940 1925 3023 spectus
1971 2963 2047 3003 ex
2091 2964 2170 3005 eo
2214 2943 2359 3005 loco
2404 2939 2525 3004 effe
2571 2964 2689 3025 po-

1688 3049 1839 3104 tuit:
1910 3044 2118 3106 nescio
2166 3043 2413 3121 saltem,
2493 3067 2573 3108 an
2609 3046 2691 3107 de

1687 3142 1802 3204 fitu
1831 3143 2055 3206 horum
2087 3165 2394 3229 agrorum,
2438 3146 2519 3208 de
2550 3151 2687 3232 qui·

1687 3245 1802 3308 bus
1830 3246 1931 3307 hic
1957 3253 2196 3332 agitur,
2240 3246 2377 3309 satis
2410 3248 2682 3323 constet3

1686 3352 1976 3423 Mincius,
2025 3372 2100 3412 ex
2132 3351 2273 3411 lacu
2302 3351 2549 3413 Benaco
2579 3350 2685 3412 vbi

1684 3451 1991 3536 proceffit,
2027 3474 2162 3515 non
2201 3455 2392 3539 longe
2438 3475 2473 3514 a
2501 3455 2689 3515 Man·

1687 3572 1791 3617 tua
1837 3557 2003 3617 lacus
2050 3555 2119 3618 fit
2177 3562 2455 3642 quinque
2510 3558 2680 3620 mille

1683 3656 1961 3742 pass'uum
1977 3703 1997 3734 ‚
2097 3680 2243 3721 mox
2297 3661 2683 3744 aliquantum

1682 3760 2031 3847 progress‘us
2091 3765 2261 3826 Pado
2332 3763 2392 3825 se
2458 3770 2678 3850 iungit.

602 3885 726 3943 tos,
774 3884 880 3930 aut
911 3873 978 3930 in
1004 3869 1231 3930 infecta
1260 3868 1464 3950 saepta
1506 3871 1604 3929 in-
1685 3867 1995 3929 Iucundus
2034 3889 2185 3930 vero
2227 3868 2331 3929 ille
2361 3883 2584 3930 tractus
2618 3884 2684 3929 et

601 3975 833 4037 cidant.
876 3966 887 3979 ’
949 3973 1051 4033 Sic
1105 3976 1293 4033 etiam
1347 3976 1417 4033 in
1471 3969 1602 4055 sqq.
1686 3969 1890 4033 bonus
1917 3970 2169 4053 pascuis'.
2225 3993 2282 4032 v.
2333 3971 2564 4055 Georg.
2597 3971 2678 4045 11,

603 4076 770 4140 istius
819 4076 1047 4138 sortem
1105 4095 1248 4136 cum
1289 4072 1396 4136 sua
1436 4095 1607 4135 com·
1699 4076 1835 4154 198.
1871 4094 2006 4155 199.
2052 4074 2149 4134 Ab
2171 4074 2299 4134 aliis
2326 4089 2536 4135 tamen
2563 4073 2680 4134 flu-

602 4196 804 4266 parat.
871 4183 973 4243 50.
1015 4181 1248 4257 grauis
1287 4209 1376 4225 --
1412 4177 1609 4258 fetas
1688 4179 1860 4236 mina
1916 4176 1995 4237 de
2046 4175 2479 4258 campestribus
2535 4181 2683 4238 riuis

603 4287 781 4362 dixit,
815 4301 883 4348 vt
903 4284 1098 4370 secas
1138 4283 1446 4369 intelligas
1476 4282 1611 4343 eni·
1691 4275 1854 4343 istius
1887 4277 2015 4348 loci
2043 4283 2241 4363 accipi
2269 4280 2475 4344 video.
2527 4280 2687 4340 Sub-
