3075 5114
583 311 688 410 96
993 314 1632 395 P.V1RG1L11
1686 321 2217 397 MARONIS

585 502 685 563 ad
725 503 1005 586 Sibyllas
1045 507 1259 566 multa
1294 466 1626 568 uaticinia
1670 508 2092 589 referebant,
2154 512 2342 570 cuius
2382 510 2679 572 oraculo-

584 631 734 671 rum
789 617 1055 692 generis
1113 618 1381 675 omnino
1443 630 1510 675 et
1567 615 1739 674 alias
1792 618 1971 675 inter
2013 619 2348 678 Romanos
2392 635 2459 678 et
2516 632 2677 705 tunc

582 719 789 779 multo
833 723 1047 800 magis
1085 738 1233 782 erat
1280 741 1530 800 magna
1572 726 1959 782 auctoritas.
2084 725 2364 802 Collegit
2427 746 2511 784 ex
2553 726 2677 785 illa

580 841 811 887 aetate
866 831 1142 888 oracula
1186 830 1514 889 nonnulla
1558 831 1879 912 Sibyllina
1930 829 2275 891 Fabricius
2331 833 2494 893 Bibl.
2558 833 2677 897 Gr.

589 938 769 999 Tom.
795 940 865 1004 l.
906 936 1016 995 lib.
1050 939 1106 1005 I,
1151 958 1203 1000 e.
1234 939 1343 1006 30,
1381 939 1462 1013 J.
1494 939 1702 1020 6sqq.
1793 936 1928 997 Sed
1967 958 2107 997 rem
2130 940 2309 1014 sati-5
2354 941 2467 999 vel
2503 961 2679 1000 vnus

584 1043 887 1107 Suetonii
930 1043 1112 1103 locus
1144 1047 1374 1104 Oetau.
1420 1066 1474 1107 c.
1515 1048 1592 1107 31
1644 1043 1985 1115 declarat‚·
2032 1066 2183 1104 cum
2224 1043 2562 1125 Augustus
2600 1048 2676 1106 li-

578 1149 837 1212 brorum
864 1150 1259 1211 fatidicorum
1290 1151 1514 1212 Graeci
1541 1153 1868 1233 Latimque
1902 1156 2166 1233 generis,
2223 1158 2330 1235 qui
2358 1154 2542 1215 nullis
2573 1155 2675 1216 vel

578 1277 801 1341 parum
858 1257 1102 1318 idoneis
1160 1257 1514 1319 auctoribus
1560 1258 1957 1329 ferebantur,
2013 1257 2232 1340 supra
2280 1259 2415 1320 duo
2460 1262 2675 1320 millia

537 1342 558 1354 ο
580 1379 897 1427 eontracta
927 1364 1201 1448 vndique
1229 1368 1613 1426 cremauerit.
1699 1368 1844 1425 Iam
1872 1366 1945 1422 in
1979 1384 2217 1442 magno
2248 1367 2363 1426 illo
2394 1388 2670 1426 numero

579 1473 1054 1533 vaticiniorum
1086 1487 1152 1531 et
1187 1448 1647 1539 oraculorum,
1707 1491 1883 1555 quae
1915 1473 2170 1552 partim
2194 1471 2672 1554 superstitione

567 1581 831 1663 'partim
852 1579 1226 1658 fraudibus
1252 1579 1596 1640 homiuum
1633 1577 2005 1651 celebrata,
2071 1594 2137 1638 et
2163 1577 2315 1652 fiue
2334 1579 2472 1656 sub
2517 1582 2672 1641 aliis

580 1686 962 1749 nominibus
1001 1684 1152 1763 siue
1185 1686 1323 1765 fieb
1370 1686 1763 1767 Sibyllarum
1809 1688 2079 1744 nomine
2113 1683 2348 1767 pafftm
2390 1688 2672 1747 vendita

561 1794 808 1878 suere,
856 1817 1060 1855 vnum
1071 1797 1224 1876 fuit
1248 1792 1560 1877 aliquod,
1608 1792 1791 1877 quod
1829 1813 2145 1871 magnam
2182 1794 2483 1875 aliquam
2504 1795 2668 1871 feli·

483 1900 490 1909 “
584 1906 860 1962 citatem
898 1901 1217 1981 fitturam
1271 1904 1730 1983 promitteret,
1818 1903 2090 1984 eiusque
2162 1899 2669 1982 descriptionem

580 2009 672 2069 ab
713 2011 835 2084 iis,
918 2029 1093 2091 quae
1151 2005 1239 2067 de
1281 2006 1565 2084 saeculo
1622 2027 1829 2091 aureo
1886 2007 2347 2087 memoraffent
2401 2023 2666 2087 poetae,

579 2130 1020 2177 mutuaretur.
1105 2116 1278 2172 Erat
1328 2112 1471 2172 alia
1512 2112 1603 2172 ab
1642 2115 1940 2191 Etruscis
1983 2116 2292 2194 profecta
2334 2115 2542 2194 fama
2584 2113 2671 2173 de
2765 2104 2769 2111 ’

582 2237 733 2283 octo
761 2220 1057 2298 saeculis
1090 2222 1281 2299 genti
1319 2221 1643 2298 Etruscae
1689 2217 1901 2288 datis,
1947 2235 2013 2281 et
2060 2221 2146 2280 de
2165 2222 2446 2298 saeculo
2487 2243 2667 2282 nono

581 2327 834 2390 iudea
877 2328 1060 2387 Sulla
1105 2326 1377 2404 exorso,
1444 2341 1586 2387 tum
1627 2324 1714 2385 de
1764 2325 2056 2400 decimo,
2113 2328 2384 2411 periodi
2418 2349 2668 2398 rerum,

585 2455 761 2519 quae
803 2449 944 2494 tum
985 2449 1171 2503 erat,
1214 2435 1380 2516 fine.
1440 2435 1522 2513 cf
1552 2432 1884 2511 censorin.
1931 2457 1983 2498 c.
2027 2456 2120 2515 17.
2209 2437 2548 2496 Plutarch.
2593 2440 2666 2494 in

587 2542 773 2604 Sulla
806 2564 874 2624 p.
901 2544 1029 2621 456
1084 2540 1174 2603 A.
1214 2542 1560 2625 opinionis
1592 2530 1935 2622 vestigium
1963 2542 2244 2626 aliquod
2267 2541 2454 2624 apud
2480 2545 2660 2604 Seru.

578 2648 679 2709 ad
717 2650 856 2711 Ecl.
886 2651 1006 2723 IX,
1039 2657 1121 2730 47
1208 2646 1298 2726 est
1358 2648 1444 2709 de
1489 2651 1653 2709 noni
1691 2650 1953 2727 saeculi
2005 2654 2188 2710 exitu
2251 2667 2320 2709 et
2374 2651 2663 2729 ingreffia

580 2756 840 2817 decimi.
942 2759 1114 2816 Erat
1169 2758 1310 2817 alia
1368 2755 1455 2817 de
1496 2779 1741 2836 magno
1789 2779 1970 2818 anno
2013 2773 2319 2817 vertente
2359 2779 2396 2817 e
2435 2759 2665 2816 Plato-

582 2867 753 2925 nicis
809 2865 878 2925 et
937 2866 1174 2926 Stoicis
1229 2867 1450 2948 petita
1522 2868 1782 2946 opinio,
1877 2888 2009 2950 quo
2077 2868 2372 2924 omnium
2440 2885 2665 2922 rerum

584 2969 998 3044 οἷνοεκόκλωσις
1045 2988 1112 3033 et
1156 2966 1649 3043 ἀποκατάστασις
1691 2973 1845 3053 ςθέι
1878 2977 2156 3054 futura,
2212 2987 2351 3030 tum
2395 2972 2536 3030 alia
2581 2970 2669 3031 de

580 3101 824 3162 magno
879 3084 1060 3159 Rege
1122 3095 1409 3138 venturo
1453 3080 1707 3157 fama:
1818 3078 1953 3142 vid.
2020 3081 2285 3139 Sueton.
2339 3077 2517 3155 Aug.
2564 3087 2664 3157 94.

584 3189 1027 3272 Quas-cunque
1090 3201 1314 3245 autem
1368 3188 1442 3245 in
1489 3185 1618 3246 laoc
1653 3207 1899 3264 genere
1939 3184 2408 3267 descriptiones
2447 3204 2668 3242 nouae

558 3295 923 3377 felicitatis
968 3293 1321 3361 habemus,
1356 3290 1510 3368 fiue
1548 3297 1619 3352 in
1655 3295 1941 3353 Orientis
1966 3291 2116 3368 fiue
2160 3294 2232 3349 in
2268 3290 2545 3351 Graecis
2581 3310 2666 3348 ao

576 3404 896 3462 Romanis
925 3404 1184 3482 poetis,
1211 3439 1212 3442 =
1243 3420 1467 3460 omnes
1492 3402 1656 3483 fere
1702 3403 1879 3459 inter
1899 3399 1985 3475 se
2009 3397 2263 3474 fimiles
2287 3396 2498 3471 fient:
2554 3396 2663 3454 be-

563 3506 744 3585 stiae
790 3529 875 3567 ac
911 3510 1120 3588 ferae
1161 3511 1444 3579 cicures,
1479 3509 1832 3590 serpentes
1859 3507 2164 3578 innocui,
2204 3506 2450 3585 fruges
2473 3503 2659 3561 nullo

581 3617 763 3674 cultu
811 3629 1091 3689 enatae,
1152 3599 1339 3674 mare
1371 3611 1750 3696 placidum,
1799 3613 1900 3673 dii
1923 3612 2308 3696 praesentes
2346 3613 2420 3669 in
2465 3612 2661 3669 terris

576 3722 851 3805 aliaque
889 3720 1213 3782 eiusmodi
1254 3725 1327 3782 in
1369 3721 1675 3782 omnibus
1716 3734 2187 3781 memorantur.
2272 3718 2543 3779 Nullum
2584 3721 2657 3777 in

572 3827 677 3887 leis
721 3829 1129 3910 phantasma
1188 3827 1317 3906 est,
1412 3826 1598 3910 quod
1624 3845 1784 3887 'non
1829 3848 2012 3887 mens
2057 3827 2355 3885 humana
2407 3845 2654 3903 magno

575 3951 754 3995 metu
801 3952 1113 3997 contacta
1155 3938 1500 4019 concipere
1530 3934 1761 4019 poffit‚
1819 3934 1880 4009 si
1917 3933 2016 3993 ad
2058 3936 2241 3993 vitae
2271 3931 2662 4016 simplicita-

578 4058 746 4117 tem,
813 4066 861 4102 a
892 4043 1184 4127 pestibus
1225 4060 1292 4104 et
1327 4044 1522 4102 malis
1564 4062 1957 4121 magnarum
1998 4040 2259 4099 ‘urbium
2292 4055 2358 4100 et
2386 4060 2661 4117 magno-

576 4165 727 4210 rum
784 4154 1216 4236 imperiorum
1266 4152 1660 4219 liberatam,
1754 4150 2164 4229 cogitatione
2192 4149 2284 4226 se
2337 4147 2658 4212 retulerit.
