3075 5114
697 379 852 455 DE
915 381 1434 459 CARMINE
1509 356 2111 466 Bvcomco
2359 422 2449 471 21

353 597 418 645 e
456 565 935 666 nostratibus
977 574 1066 642 in
1115 571 1270 644 hoc
1303 591 1554 675 genus
1596 578 2111 659 inuolarunt,
2143 580 2454 677 saltem.

353 697 764 784 vertendis
817 731 920 775 ac
958 712 1403 805 repetendis
1445 715 1792 812 antiquis
1841 698 2253 815 ingenite-m
2307 745 2448 818 ap·

340 842 703 946 probare
773 858 1172 939 poterant.
1311 846 1552 919 Nunc
1608 847 1799 942 fere
1864 851 2232 923 ta'edium
2294 855 2442 950 fa*

353 987 620 1058 ciunt,
676 1060 679 1063 Α
717 979 859 1076 qui
902 980 1188 1048 centies
1230 979 1455 1051 dicta
1496 1000 1895 1081 repetunt,
1991 1012 2203 1086 quae
2240 989 2438 1061 dum

346 1111 759 1217 ingeniose
799 1114 1133 1182 variare
1166 1114 1492 1195 volunt,
1570 1121 1654 1190 in
1696 1125 2060 1220 argutias
2100 1138 2180 1193 et
2220 1122 2434 1219 lusus

344 1252 738 1326 incidunt.
839 1248 1269 1319 Romanae
1309 1254 1501 1323 artis
1545 1258 1869 1325 omnino
1916 1281 2079 1327 non
2126 1282 2427 1357 exigua

337 1412 538 1496 pars
574 1389 662 1461 in
702 1407 795 1453 eo
848 1381 1442 1463 contemnebatur
1527 1404 1658 1466 vt,
1737 1414 1949 1488 quae
1988 1415 2045 1460 a
2096 1390 2427 1465 Graecis

343 1517 709 1601 naturali
749 1517 1037 1617 aliqua,
1078 1544 1260 1591 cum
1305 1519 1718 1616 ‘venustate
1758 1541 1836 1593 et
1880 1524 2145 1623 lepore
2195 1530 2421 1600 dicta

342 1659 838 1754 acciperent,
912 1679 1016 1725 ea
1055 1659 1443 1727 orationis
1455 1655 1671 1751 suae
1714 1658 2153 1757 dignitate,
2228 1690 2420 1762 gra»-

339 1796 636 1868 vitate,
722 1812 825 1858 ac
879 1793 1115 1888 copia
1170 1807 1568 1867 ornarent.
1701 1794 1884 1863 Hoc
1943 1819 2196 1866 vnum
2251 1821 2418 1866 mo·

336 1923 538 2000 nebo
555 1974 584 2004 ,
665 1919 810 2018 nist
850 1928 1335 2004 memineris,
1424 1930 1510 1997 in
1562 1925 1909 2027 Virgilio
1959 1927 2144 2026 plus
2193 1934 2422 2008 artis,-

335 2065 422 2136 in
490 2059 911 2132 Theocrito
990 2059 1175 2160 plus
1240 2065 1577 2135 natiuae
1646 2062 2137 2163 elegantiae,
2237 2058 2407 2162 effe,

332 2212 416 2269 te
454 2223 620 2267 non
664 2197 948 2265 mirari
995 2221 1160 2287 non
1195 2191 1450 2294 poffe,
1530 2221 1714 2267 cum
1756 2197 2077 2277 videas,
2157 2201 2408 2269 etiam

321 2327 1025 2437 praestantiffimos
1078 2357 1179 2402 ex
1237 2332 1392 2402 lzoc
1438 2358 1732 2432 genere
1791 2349 2077 2434 poetas
2141 2360 2412 2406 recen-

331 2472 632 2539 tiorum
704 2481 1150 2567 temporum
1225 2466 1662 2568 V‘irgilium·
1733 2464 2093 2566 maluiffe
2160 2467 2404 2569 sequi

330 2627 588 2704 quam
642 2601 1171 2674 Theocritum.
1285 2603 1508 2676 Artis
1545 2605 1862 2704 scilicet
1906 2604 2228 2701 semper
2253 2601 2402 2697 fa-

330 2737 565 2812 cilior
624 2740 971 2811 imitatio
986 2759 1017 2824 ,⁶
1102 2737 1564 2814 naturalem
1641 2735 2137 2838 venustatem
2195 2736 2400 2836 deffi-

327 2871 626 2946 cillime
671 2867 1100 2971 affequare.

515 3006 761 3110 Quod
800 3008 917 3077 ad
954 3005 1525 3108 descriptionem
1573 3020 1652 3078 et
1693 3008 2222 3081 oeconomiam
2261 3004 2408 3076 hu-

323 3148 440 3219 ius
505 3143 854 3217 carminis
911 3135 1237 3220 attinet,
1340 3145 1574 3214 varie
1633 3167 1736 3213 ea
1794 3142 2123 3242 quidem
2186 3136 2417 3236 infliae

324 3283 450 3356 tui
501 3274 802 3379 potest,
888 3276 1216 3376 semper
1278 3292 1553 3350 tamen
1602 3275 2144 3375 spectandum
2211 3275 2412 3355 hoc,

322 3423 415 3485 ⁶th
463 3438 564 3485 ea
602 3407 1093 3511 ,ponffimum
1148 3416 1362 3486 ratio
1428 3438 1530 3483 ac
1583 3416 1730 3483 via
1791 3416 2148 3506 ineatur,
2230 3436 2410 3512 qua

318 3551 697 3620 maxima
741 3545 1115 3645 voluptas
1174 3546 1501 3647 legentis
1559 3550 1837 3616 animo
1895 3542 2171 3647 afferri
2215 3543 2414 3645 pos-2·

297 3682 457 3784 [ιω
542 3686 762 3755 cuius
804 3682 1128 3783 quidem
1164 3686 1283 3753 rei
1324 3708 1416 3754 eo
1469 3681 1933 3782 diligentior
1979 3684 2193 3752 ratio
2249 3680 2393 3752 ha-

315 3818 592 3891 benda
655 3813 804 3916 est,
910 3817 1135 3918 quod
1192 3817 1422 3889 liuius
1482 3819 1858 3892 carminis
1922 3812 2398 3915 simplicitas

319 3972 402 4027 et
475 3953 887 4026 humilitas
956 3953 1358 4023 interdurn
1440 3954 1528 4026 in
1624 3951 2067 4024 exilitatem
2144 3947 2393 4029 abire,

323 4090 523 4161 lenis
575 4106 651 4160 et
710 4088 972 4160 mollis
1030 4104 1258 4160 tenor
1309 4086 1732 4188 languere,
1802 4086 2041 4186 solet.
2174 4089 2398 4160 Raro

334 4226 606 4324 itaque
643 4243 893 4325 poeta
948 4227 1355 4300 narrantis
1406 4240 1553 4296 aut
1594 4220 2090 4323 describentis
2133 4240 2404 4327 partes
