3075 5114
573 330 1268 413 GssonmooN
1315 326 1520 401 Lm.
1563 325 1711 415 111,
1742 317 2074 423 91-96

377 530 539 603 diat,
600 547 728 611 quo
771 526 973 586 minus
1004 527 1214 603 'equus
1260 513 1368 576 ad-

376 628 706 710 miss'arius,
782 631 891 712 qui
941 624 1019 686 ab
1077 622 1367 682 armentis

2283 320 2434 396 563

1447 481 1587 575 via.¹
1669 512 1887 596 Itaque
1931 531 2029 595 ap.
2073 510 2301 572 Tibull.
2350 511 2434 587 11,

1458 637 1483 679 1
1511 659 1528 686 ‚
1573 617 1656 680 82
1774 616 1933 700 (eino
1976 615 2218 697 procul
2259 612 2440 675 abde
2544 673 2559 688 ,

377 747 736 796 remanetur
781 748 851 792 et·
893 734 961 791 in
996 722 1246 787 stabulos
1287 719 1366 780 ad
1433 721 1655 801 faces,
1700 719 1779 780 ab
1827 717 1947 779 hoc
1988 718 2130 779 loco
2157 738 2437 794 remoue,

378 858 536 918 opus
563 834 911 908 faciendum
938 828 1217 899 habetur,
1250 823 1369 885 do·

380 962 488 1001 mo
524 937 688 1000 abdi
719 937 840 997 dici
872 930 1054 1016 poffit
1092 924 1371 1020 (pei-(istit

385 1062 636 1127 quoque
679 1044 749 1104 in
787 1037 913 1099 hoc
953 1034 1190 1098 tuendo
1240 1032 1373 1091 Ou-

383 1165 554 1205 wem
606 1145 686 1204 N.
739 1142 899 1223 flag.
960 1160 1025 1220 p.
1079 1138 1241 1208 585,
1311 1148 1374 1194 et

383 1248 596 1309 laudet
638 1247 855 1307 Horat.
896 1242 928 1302 1
980 1235 1168 1321 Epist.
1209 1237 1275 1310 1,
1332 1236 1373 1299 5

386 1350 468 1412 de
498 1351 758 1409 emerito
797 1344 1166 1428 gladiatore:
1211 1339 1379 1399 latet

389 1449 661 1512 abditus
701 1445 937 1527 agro).
1041 1447 1241 1505 Litem
1290 1456 1380 1504 ta·

387 1573 537 1615 men
596 1553 881 1613 dirimere
939 1548 1132 1609 videri
1191 1543 1381 1608 debet

387 1637 770 1717 Nemefiani'
813 1653 1073 1712 imitatio
1143 1649 1380 1734 Cyneg.

403 1767 511 1837 ¹4¹
537 1801 558 1832 ,
613 1756 719 1817 vbi
763 1754 842 1816 de
889 1754 1101 1815 catulis
1143 1753 1381 1812 recenti

392 1876 573 1944 partu
605 1855 815 1921 editis:
862 1856 979 1917 Sin
1014 1875 1173 1916 vero
1215 1853 1382 1912 haec

393 1984 557 2023 cura
601 1961 720 2041 est,
786 1959 1021 2020 melior
1068 1980 1155 2017 ne
1186 1958 1384 2037 sorte

396 2081 692 2134 necetur,
763 2062 1121 2125 Abdamrue
1161 2062 1389 2138 domo;

400 2169 783 2250 catulosque
815 2164 1108 2249 probare
1154 2162 1390 2222 volem-

403 2286 548 2331 tas:
598 2268 705 2330 vbi
734 2283 989 2350 apparet
1017 2263 1162 2339 ess'e,
1202 2264 1391 2325 abda·

406 2391 505 2435 tur
531 2394 577 2433 a
609 2371 833 2441 domo,
873 2383 1256 2443 moueatur,
1294 2388 1387 2430 re-

403 2491 748 2541 moueatur.
855 2474 1261 2537 Aduocarunt
1309 2491 1390 2534 eo

405 2596 472 2642 et
533 2578 948 2661 exposuerunt
999 2574 1209 2639 locum
1276 2596 1394 2638 no-

405 2680 592 2746 strum
620 2683 851 2765 Intpp.‚
899 2696 968 2743 vt
1004 2697 1213 2742 tamen
1254 2698 1397 2759 per-

406 2808 626 2870 peram
656 2786 734 2848 ad
760 2784 954 2849 solum
984 2777 1055 2850 ra
1085 2779 1396 2854 vendere,

410 2889 583 2973 quod
650 2891 834 2952 nimia
903 2882 1226 2971 angustum
1289 2880 1396 2957 est,

409 3006 728 3053 reuocent.
828 2989 1095 3071 Copiose
1144 3007 1400 3073 quoquo

412 3094 491 3156 de
514 3092 576 3155 h.
606 3093 648 3156 l.
682 3098 808 3179 egit
835 3094 1119 3156 Gronou.
1148 3092 1230 3153 de
1256 3092 1402 3159 Pee.

416 3198 558 3261 Vet.
610 3198 702 3260 IV
716 3240 740 3273 ,
799 3199 862 3262 8-
985 3194 1262 3259 Abdere
1319 3189 1407 3259 est.

1451 840 1514 883 at
1545 824 1711 884 idern
1740 822 1820 890 II,
1850 824 1892 886 5
1908 864 1928 895 ‚
1975 824 2056 885 65
2095 822 2441 903 formosas

1454 924 1742 1004 tristibus
1796 928 1980 1004 agris
2031 924 2279 986 abdere
2336 924 2447 987 ab·'

1455 1028 1745 1091 ducendo
1790 1049 1893 1089 eas
1939 1044 2002 1092 et
2047 1028 2347 1090 seruando
2376 1034 2447 1092 in

1456 1134 1634 1215 agria.
1734 1131 1925 1192 Vides
1971 1145 2036 1192 et
2079 1129 2200 1192 hoc
2242 1153 2450 1192 exem·

1454 1234 1601 1316 plo,
1667 1254 1786 1316 per
1832 1234 2101 1295 edictum
2145 1254 2450 1319 gramma-

1458 1340 1578 1399 tica
1650 1332 1936 1397 constitui
2020 1357 2155 1398 non
2237 1336 2449 1420 posse:

1458 1437 1563 1499 sed
1591 1435 1814 1500 causs'as
1847 1436 1967 1500 ess'e
2000 1439 2452 1521 perspiciendas

1461 1557 1526 1603 et
1566 1541 1889 1603 eruendas.
2000 1540 2184 1603 Iubet
2239 1548 2452 1630 itaque

1459 1659 1655 1727 poeta
1707 1644 2069 1727 diligentem
2120 1650 2456 1726 patremfa-

1461 1746 1657 1808 milias
1690 1767 2004 1820 amouere,
2050 1745 2359 1832 ablegare,
2414 1772 2453 1812 a

1461 1850 1756 1933 praedic,
1828 1845 2201 1934 quoeunque
2239 1855 2458 1932 modo,

1464 1955 1749 2037 adeoque
1794 1953 1894 2013 vel
1936 1953 2243 2031 vendere,
2305 1955 2458 2021 effe·

1468 2072 1601 2117 tum
1643 2072 1707 2117 et
1746 2056 2026 2117 inutilem
2069 2058 2145 2118 ad
2172 2057 2459 2122 admiss'u-

1467 2181 1603 2221 ram
1631 2160 2029 2246 (quamquam
2060 2162 2162 2223 ille
2191 2163 2321 2225 aliis
2351 2165 2461 2227 ad-

1469 2261 1594 2323 buc
1645 2261 1959 2324 laboribus
2014 2262 2286 2329 sufficere
2340 2290 2460 2351 po-

1470 2362 1607 2446 test)
1646 2383 1899 2450 equum,
1945 2374 2223 2451 quamuis
2255 2367 2465 2435 senec·

1472 2482 1576 2530 tae
1638 2468 1942 2532 miseratio
2005 2471 2250 2545 subeat;
2338 2473 2463 2537 ess'e

1474 2576 1645 2633 enim
1716 2594 1856 2635 eam
1923 2557 2218 2656 turpent,
2326 2580 2464 2656 vel,

1478 2682 1796 2753 communi
1848 2676 2172 2741 senectutis
2228 2680 2469 2763 epithe-

1479 2793 1573 2853 to,
1610 2779 1893 2860 respectu
1927 2784 2264 2857 iuuencae,
2317 2785 2471 2865 pub-

1480 2902 1673 2957 orae,
1722 2883 2103 2963 speciosae,
2172 2885 2473 2957 nitidae.-

1481 2986 1584 3048 vel
1625 3006 1700 3047 ex
1737 2984 1865 3068 sqq.
1878 3029 1899 3059 ,
1968 2973 2093 3070 dud
2121 2987 2225 3048 ille
2258 2988 2317 3051 se
2350 3004 2475 3051 tur*-

1482 3093 1646 3171 piter
1687 3088 1828 3162 det,
1893 3109 2014 3151 nec
2053 3093 2122 3150 in
2159 3092 2476 3155 Venerem

1484 3189 1622 3255 satia
1653 3195 1843 3252 animi
1871 3213 1945 3254 ac
1970 3196 2188 3253 virium
2228 3192 2476 3258 habeat.

414 3304 668 3385 proprie
699 3301 846 3363 dare
875 3299 984 3363 aba
1011 3299 1107 3375 se,
1152 3318 1408 3362 amoue-
1492 3296 1753 3358 Ouidius
1793 3294 1915 3358 hoe
1954 3293 2131 3358 Trist.
2157 3296 2266 3371 lv,
2298 3299 2362 3372 8,
2401 3316 2479 3381 19

418 3427 488 3469 re
501 3448 524 3480 ,
599 3408 875 3469 reiicere.
1016 3404 1150 3466 Iam
1199 3416 1410 3467 autem
1489 3401 1593 3462 Ne
1622 3397 1826 3459 cadat
1855 3412 1920 3459 et
1950 3397 2193 3458 multas
2217 3402 2484 3482 palmas

420 3505 626 3591 potest
678 3508 916 3594 aliquid
976 3507 1143 3570 abdi
1207 3505 1308 3567 vel
1365 3524 1414 3565 a
1491 3499 1859 3580 inhonestet
1885 3500 2200 3582 adeptas:
2257 3501 2304 3564 fi
2348 3507 2484 3588 qui.

421 3614 606 3686 loco,
673 3613 774 3674 vel
826 3617 895 3674 in
948 3611 1138 3672 alium
1183 3610 1411 3682 locum,
1496 3604 1641 3665 dem
1679 3603 1878 3666 versus
1909 3602 1997 3666 est
2023 3605 2256 3665 Ouidii.
2345 3622 2487 3666 tur-

423 3731 493 3778 vt
524 3719 599 3777 in
632 3734 711 3775 eo
739 3713 1036 3788 seruetur,
1077 3711 1420 3777 absconde·
1493 3710 1574 3790 pi
1610 3705 1824 3788 finem
1881 3704 2131 3767 donate
2168 3709 2492 3786 senectae

427 3834 566 3894 tur,
642 3838 792 3903 ergo
835 3821 906 3880 in
941 3818 1108 3880 loco.
1232 3814 1422 3877 Vnde
1502 3809 1585 3869 ad
1612 3805 1801 3870 nostri
1831 3809 2084 3871 ductum
2125 3810 2305 3873 Silius
2342 3814 2489 3889 XV,

427 3923 664 4007 duplex
729 3921 864 3983 vsua
936 3920 1108 3984 verbi
1194 3918 1421 3981 abdere
1504 3914 1635 3990 654
1649 3954 1672 3986 ,
1751 3927 1819 3974 vt
1871 3919 1993 3974 iam
2056 3913 2263 3976 Cerda
2317 3916 2492 3979 vidit.

432 4048 575 4088 cum
605 4025 742 4088 casu
772 4025 970 4089 sexto=
1014 4022 1177 4087 abda·
1203 4010 1425 4091 doato,
1508 4016 1787 4077 ouwem
1811 4016 1853 4077 1.
1881 4015 1924 4081 1.
1964 4034 2089 4076 nec
2125 4020 2308 4100 turpi
2354 4024 2492 4080 iun-

435 4133 479 4188 i.
512 4151 567 4191 e.
601 4150 638 4190 a
668 4127 883 4205 domo,
943 4144 1008 4191 et
1045 4150 1196 4193 vero
1240 4130 1426 4190 etiam
1509 4117 1727 4204 gebat:
1788 4133 1856 4179 ec
1895 4118 2156 4203 igmffce
2172 4120 2497 4201 βαθεῖαι

437 4235 504 4293 in
546 4233 759 4296 domo.
841 4231 967 4301 Res
1011 4229 1091 4299 fle
1135 4232 1272 4296 satis
1314 4229 1430 4296 ob-
1511 4243 1648 4284 mm
1687 4226 1885 4308 turpi·
