3075 5114
536 379 1239 454 GEORGIGON
1301 380 1505 452 LIB.
1553 381 1708 472 111,
1746 380 2179 481 280—289
2315 384 2468 485 599

514 568 667 644 Sed
711 565 899 667 fugit
949 571 1271 659 interea,
1350 566 1543 667 fugit
1583 559 2079 668 inreparabile
2143 588 2459 672 tempus,

380 702 686 802 Singula
735 702 917 808 dum
962 710 1161 805 capti
1203 708 1880 778 circumuectamur
1930 711 2211 778 amore.
2309 709 2458 782 255

380 842 554 912 Hoc
603 835 758 910 satis
806 843 1180 914 armentiS.
1292 842 1611 938 Superat
1657 864 1828 938 pars
1875 836 2106 913 altera
2158 866 2405 936 curae,

381 975 786 1071 Lanigeros
833 979 1113 1074 agitare
1167 999 1424 1075 greges
1477 972 1859 1074 hirtasque
1904 974 2251 1074 capellas·

377 1112 522 1184 Hic
570 1106 824 1199 labor3
909 1109 1089 1184 hinc
1130 1108 1431 1182 laudem
1475 1105 1708 1183 fortes
1750 1107 2032 1209 sperate
2076 1110 2356 1184 coloni.

373 1248 540 1319 Nec
565 1243 722 1317 sum
760 1245 991 1314 animi
1020 1241 1326 1332 dubius,
1388 1243 1632 1318 verbis
1665 1269 1755 1318 ea
1783 1248 2084 1319 vincere
2110 1272 2465 1347 maguum

376 1429 446 1490 Π,
479 1444 594 1497 ¹29·
682 1424 786 1476 vix
829 1421 1103 1495 probabile
1157 1423 1214 1478 fit
1251 1425 1306 1478 in
1350 1428 1580 1481 carmine
1623 1443 1733 1482 tam
1782 1427 2054 1481 elaborato
2095 1447 2305 1500 poe-tam
2358 1432 2467 1487 hoc

378 1509 651 1567 admifiss'e.
721 1507 933 1569 Restat,
976 1525 1028 1564 vt
1063 1509 1407 1563 iudicandum
1446 1513 1539 1575 fit,
1582 1530 1694 1566 vtro
1733 1512 1855 1566 loco
1900 1514 2113 1565 insertus
2160 1514 2259 1568 esse
2298 1519 2463 1572 videri

375 1596 538 1671 poffit
575 1595 641 1647 ab
681 1593 783 1646 alia
824 1611 1002 1647 manu.
1101 1597 1213 1648 Iam
1259 1598 1314 1648 in
1361 1597 1615 1668 praesenti
1648 1597 1772 1649 loco
1813 1599 1894 1649 vix
1956 1602 2087 1649 bene
2139 1619 2201 1651 eo
2263 1621 2461 1658 careas.

375 1682 555 1738 A‘ltero
596 1681 735 1741 loco,
776 1678 970 1750 Georg.
1003 1681 1069 1742 11,
1105 1699 1216 1752 129,
1257 1682 1442 1735 melius
1477 1682 1650 1743 abest,
1694 1701 1817 1734 curu
1852 1681 1923 1734 ibi
1962 1682 2028 1735 de
2059 1685 2311 1738 veneficio
2344 1687 2465 1757 pro·

379 1769 494 1843 prio
534 1767 677 1820 dicto
721 1781 933 1837 agatur,
1007 1784 1131 1819 cum
1171 1786 1279 1840 quo
1319 1770 1581 1831 carmina,
1643 1769 1822 1820 verba
1862 1787 1980 1820 non
2024 1777 2296 1830 [neena-ia,
2352 1791 2467 1825 non

378 1853 661 1908 necessario
701 1854 982 1906 coniuncta
1029 1852 1174 1907 sunt:
1245 1855 1346 1906 vid.
1392 1854 1458 1905 ad
1499 1872 1544 1906 e.
1587 1852 1624 1905 l.
1652 1854 1895 1906 *Brunck
2057 1857 2161 1920 284
2199 1862 2465 1908 irremea-

383 1943 500 1995 btle
536 1956 750 2010 tempus
777 1938 1016 1999 Zuhch„
1059 1953 1125 1992 vt
1160 1954 1212 1991 et
1251 1959 1381 1992 vnus
1413 1941 1545 1993 Aen.
1572 1939 1643 2000 X,
1670 1942 1771 2008 467
1836 1935 2061 1991 exhibet.
2102 1939 2242 1992 conf.
2280 1946 2459 1996 burm.

381 2030 451 2082 nd
477 2024 694 2082 Anthol.
730 2026 844 2076 Lat.
876 2043 928 2094 p.
963 2026 1075 2077 131.
1216 2027 1318 2080 285
1343 2044 1463 2077 cum
1491 2026 1743 2079 Rottend.
1776 2024 1864 2078 alt.
1939 2032 2090 2094 rapti
2119 2026 2254 2078 Ven.
2310 2037 2466 2098 rapti

383 2105 593 2168 circum
613 2112 908 2182 sectamur
932 2109 1036 2162 Erf.
1067 2157 1072 2164 .
1176 2112 1280 2166 286
1317 2114 1427 2164 Hic
1458 2112 1595 2164 Ven.
1667 2108 1928 2182 Super-qs}
1972 2110 2167 2165 Medic.
2201 2130 2232 2164 ι
2258 2132 2329 2165 m.
2361 2113 2459 2167 sec.

379 2202 483 2267 287
527 2201 844 2267 Lanigeras
885 2195 974 2250 alt.
1007 2196 1219 2268 Menag.
1357 2199 1462 2251 288
1499 2200 1654 2250 Hinc
1695 2199 1864 2251 labor
1907 2199 2106 2251 Medic.
2146 2199 2298 2251 Pierii
2339 2219 2464 2254 cum

382 2283 499 2337 aliis
543 2283 812 2356 pluribu35
874 2296 927 2334 et
960 2279 1030 2334 fic
1071 2281 1192 2336 edd.
1228 2281 1363 2354 vulg.
1407 2299 1527 2335 ante
1551 2281 1861 2343 Heinfium,
1914 2284 2005 2353 qui
2032 2283 2164 2337 bene
2191 2288 2464 2342 reuocauit

381 2373 525 2431 Hic,
590 2367 735 2441 quod
777 2366 885 2418 iarn
927 2367 1159 2438 Nauger.
1205 2369 1517 2441 reposuerat.
1617 2370 1705 2421 Sic
1745 2369 1943 2422 Medic.
1985 2369 2141 2421 Rom.
2183 2388 2235 2425 et
2274 2372 2481 2442 fragm.‘

378 2457 554 2510 Vatic.
627 2451 829 2506 laudes
856 2452 1087 2504 Panhas.
1116 2454 1310 2525 Regius
1348 2471 1401 2506 et
1444 2472 1574 2507 vnus
1604 2454 1783 2507 Mead.
1837 2454 2083 2523 sperare
2112 2457 2247 2510 Ven.
2289 2459 2461 2513 Goth.

377 2560 593 2617 vterque
633 2554 685 2593 et
721 2536 843 2592 edd.
890 2540 1024 2593 Ven.
1064 2543 1209 2611 1475.
1253 2542 1397 2608 1476.
1537 2542 1640 2611 289
1666 2541 1813 2594 'Nou
1833 2542 1969 2611 sum
2014 2544 2265 2596 Rottend.
2307 2546 2457 2600 Leid.

382 2631 527 2684 alter.
597 2627 789 2683 verbis
827 2633 1087 2680 euincere
1128 2625 1442 2687 Gudianus,
1506 2643 1561 2681 vt
1601 2629 1804 2680 Luci-et.
1850 2628 1917 2686 V,
1955 2646 2048 2679 100
2127 2638 2461 2696 peruincere

381 2716 571 2771 dlcets.
650 2732 740 2766 me
777 2718 1012 2764 vincere
1053 2713 1192 2766 Ven.
1264 2714 1471 2766 Lucret.
1514 2713 1578 2776 V,
1624 2716 1725 2783 734
1788 2712 2051 2783 Difficile
2107 2714 2187 2785 fi
2240 2724 2463 2771 tallone
2568 2750 2571 2753 2
2622 2726 2625 2731 “

385 2803 594 2856 docere
640 2813 695 2852 et
733 2804 965 2852 vlncere
1008 2800 1216 2851 verbis.

383 2942 478 3002 sus
535 2942 776 3022 legitur.
899 2938 1165 2998 Videtur
1214 2941 1385 3021 cogi-

382 3043 642 3105 tandum
688 3041 767 3103 de
811 3061 1023 3102 amore
1066 3040 1383 3103 Phaedrae

383 3152 454 3209 in
536 3145 949 3227 Hippolytum
1032 3160 1137 3204 aut
1208 3143 1384 3205 fimili

382 3251 507 3310 alio
550 3267 866 3308 nouercae
902 3248 971 3304 in
1004 3250 1380 3329 priuignum.

381 3354 532 3416 283.
602 3371 741 3408 non
803 3351 1086 3407 innoxia
1151 3349 1384 3419 verba,

381 3456 897 3527 incantationum,
952 3454 1220 3512 carmina
1255 3473 1382 3512 ma-

343 3618 348 3629 ,
384 3562 540 3644 gica.

387 3696 392 3705 ·
511 3655 909 3736 284—403.
984 3656 1305 3715 Transitus
1347 3674 1382 3714 a

384 3783 531 3825 cura
577 3772 1020 3820 armentorum.
1042 3758 1121 3817 ad
1174 3778 1383 3817 curam

388 3870 603 3929 ouium
653 3876 716 3922 et
760 3881 1097 3941 caprarum.
1213 3861 1383 3921 Dum

386 3971 596 4031 omnia
642 3962 797 4025 haec
840 3963 919 4025 de
967 3979 1386 4026 armentorum

388 4092 534 4130 cura
575 4067 878 4152 sigillatim
920 4083 1384 4148 pertractamus,

386 4170 621 4254 fingula
674 4166 1135 4251 perlustramus,
1221 4174 1386 4249 capti

390 4273 606 4335 harum
659 4293 866 4333 rerum
923 4268 1144 4334 studio.
1241 4275 1386 4351 aga·-

476 4377 676 4436 ΤοΜ.
719 4375 751 4434 1

1469 2952 1619 2997 care
1664 2957 1900 3016 greges
1952 2942 2207 3019 proprie
2253 2960 2460 3023 agere,

1466 3041 1737 3121 pascere,
1768 3040 1914 3102 hinc
1938 3045 2197 3103 omnino
2226 3063 2460 3105 curare.

1471 3149 1614 3207 288.
1674 3145 1750 3203 In
1819 3143 1940 3205 hoc
2006 3164 2198 3225 opera
2267 3144 2465 3210 vestra

1465 3247 1664 3328 pofita
1710 3246 1876 3328 esto;
1954 3268 2099 3307 cura
2151 3251 2465 3328 pecudum

1463 3350 1640 3411 vobis
1669 3354 1949 3431 inprimis
1977 3350 2149 3410 cordi
2175 3347 2263 3411 fit.
2305 3354 2464 3431 for-

1464 3466 1565 3512 ces
1617 3450 1678 3511 h.
1737 3453 1780 3512 l.
1841 3466 2042 3512 ornat.
2171 3453 2461 3531 laudem,

1463 3555 1659 3636 qualis
1692 3553 1846 3614 boni
1876 3575 1946 3615 ac
1990 3556 2307 3634 prudentis
2346 3580 2461 3640 pa-

1467 3657 1833 3716 trisfamilias
1869 3654 1988 3716 ess'e
2030 3658 2249 3737 potest.

1556 3762 1942 3838 289—293.
2006 3761 2164 3820 Satis
2205 3762 2491 3843 quidem‘

1467 3864 1643 3933 noui,
1681 3881 1865 3942 quam
1902 3858 2148 3923 difficile
2176 3860 2266 3935 fit,
2309 3862 2464 3926 baec

1468 3968 1716 4044 poetica
1779 3968 2065 4025 oratione
2133 3967 2464 4027 commode

1469 4070 1833 4147 exprimere,
1872 4081 1935 4128 et
1960 4087 2058 4126 res
2088 4081 2214 4127 tam
2247 4083 2466 4131 tenues

1468 4190 1587 4251 pro
1644 4172 1941 4252 dignitate
1991 4175 2276 4231 carminis
2329 4171 2473 4233 satia

1471 4287 1692 4334 ornate
1735 4293 2240 4334 commemorare.
2336 4275 2466 4335 Sed

1574 4376 1756 4459 ΥΠ
1868 4384 1872 4388 ’
