3075 5114
614 395 878 449 xxxu
1295 366 2087 449 PRAEFATIO

615 583 781 654 ticis
833 571 1356 650 subtilitatibus
1414 576 1857 677 implicitus,
1961 579 2294 655 animum
2355 575 2717 653 liberiore

620 710 837 789 cursu
881 712 1001 784 ad
1050 710 1307 811 ipsum
1351 720 1688 813 poetam
1733 712 2062 804 intendi,
2156 729 2232 785 vt
2276 717 2508 788 totius
2556 737 2719 787 car-

620 853 842 922 minis
888 844 1498 946 descriptionem,
1555 851 1884 948 partium
1930 845 2396 940 consensum,
2451 852 2720 923 inuen-

628 1002 883 1057 torum
925 980 1250 1072 fontem,
1328 1001 1408 1058 et
1452 987 1779 1058 inuentis
1824 984 2082 1062 vtendi
2126 1003 2364 1059 artem
2383 1038 2402 1076 ,
2481 982 2723 1085 phan-

632 1114 1024 1190 tasmatum
1067 1122 1550 1218 poeticorum
1599 1137 1676 1193 et
1722 1124 2095 1196 rationem
2173 1137 2252 1195 et
2317 1124 2725 1193 auctorita-

578 1268 597 1283 *
633 1271 793 1327 tem
825 1271 1284 1330 excuterem.
1385 1258 1654 1356 Itaque
1679 1254 1887 1333 nulla
1908 1254 2132 1337 facile
2157 1258 2430 1356 pagina
2457 1251 2726 1331 mansit

634 1392 949 1480 intacta,
1029 1392 1216 1491 quin
1255 1414 1520 1464 manus
1570 1391 2035 1468 emendatrix
2077 1389 2511 1481 accederet,
2578 1387 2728 1464 alia

632 1520 1046 1599 recidendo
1081 1522 1226 1599 alia
1265 1522 1681 1627 supplendo
1724 1525 1849 1603 seu
1893 1523 2422 1613 substituendo.
2527 1525 2727 1601 Cum

636 1655 995 1751 stammam
1056 1656 1509 1739 breuitatem
1582 1666 1663 1736 in
1721 1666 2344 1767 interpretatione
2415 1657 2734 1762 sequen-

634 1793 811 1868 dam
860 1790 1007 1873 ess'e
1051 1794 1420 1875 viderem:
1523 1798 1942 1878 claritatem
2003 1816 2257 1881 tamen
2318 1813 2398 1871 et
2450 1791 2727 1904 perspi-

633 1933 994 2005 cuitatem
1041 1956 1218 2008 cum
1265 1957 1356 2007 ea
1399 1938 1900 2009 coniunctam
1940 1930 2087 2007 effe
2129 1931 2359 2009 volui.
2490 1929 2729 2029 Quod

632 2062 691 2165 Ii
748 2063 849 2138 ad
901 2065 1264 2158 Certim,
1343 2065 1769 2162 Heinfium,
1842 2072 2357 2149 Burmannum
2410 2085 2489 2141 et
2539 2066 2727 2143 alios

634 2203 979 2292 remitto,
1079 2200 1233 2278 hoc
1286 2226 1450 2276 non
1508 2229 1651 2303 pro
1699 2203 1949 2279 inutili
1991 2206 2224 2278 citato
2265 2198 2726 2297 habendum,

637 2360 900 2411 verum
944 2336 1455 2436 quaerendam
1500 2336 1609 2411 ibi
1650 2336 1796 2414 effe
1861 2335 2381 2438 exemplorum
2431 2342 2733 2438 copiam

639 2467 766 2547 seu
805 2469 1236 2548 vlteriorem
1286 2471 1907 2573 declarationem,
1942 2477 2139 2563 eine,
2233 2470 2446 2577 quod
2498 2472 2729 2547 verbo

642 2624 937 2684 tantum
974 2611 1239 2682 notaui
1259 2637 1279 2700 ;
1333 2634 1480 2684 neo
1519 2607 1864 2711 ablegaui
1907 2608 2004 2686 ad
2047 2608 2271 2698 alios,
2349 2615 2534 2710 quin
2578 2609 2735 2712 ipse

639 2767 807 2821 rem
852 2760 928 2819 et
970 2740 1329 2822 summam
1372 2742 1911 2842 obseruationis
1960 2769 2457 2846 apponerem:
2544 2744 2736 2820 nihil

645 2883 849 2954 enim
897 2875 1043 2954 effe
1087 2877 1334 2979 potest
1389 2878 1807 2986 molestius,
1895 2907 2159 2984 quam,
2241 2879 2364 2954 vbi
2404 2885 2486 2954 in
2530 2884 2734 2956 notis

640 3019 973 3089 virorum
1034 3012 1439 3089 doctorum
1497 3014 1597 3088 ad
1660 3015 1990 3117 aliquam
2049 3013 2569 3093 difficultatem
2620 3013 2738 3089 of-

641 3149 942 3240 fendaS,
1040 3145 1097 3224 fi
1138 3147 1326 3222 nihil
1371 3147 1580 3224 aliud
1614 3150 1866 3225 videas
1915 3147 2399 3249 adscriptum,
2504 3175 2740 3251 quarn

644 3283 1058 3361 videndum
1122 3278 1270 3356 effe
1329 3281 1536 3359 hunc
1591 3284 1714 3362 vel
1791 3283 2009 3364 illum
2077 3290 2321 3360 virum
2395 3284 2734 3362 doctum.

642 3425 913 3525 Atqui,
968 3418 1023 3498 fi
1063 3417 1250 3494 alios
1288 3414 1676 3496 consulere
1708 3416 2129 3512 volumem.
2207 3446 2373 3499 non
2400 3417 2740 3521 inspexis-

642 3557 797 3637 rem
840 3577 952 3648 te,
1007 3583 1057 3632 o
1089 3555 1327 3631 bone!
1433 3557 1670 3654 igitur
1706 3552 1858 3658 ipsa
1897 3582 2016 3660 res
2065 3555 2324 3636 saltem
2363 3552 2466 3633 est
2506 3577 2742 3657 appo·

639 3692 930 3784 nenda3
1015 3690 1313 3767 vberior
1365 3688 1774 3767 declaratio
1816 3692 2252 3795 quaerenda
2275 3687 2491 3792 apud
2537 3713 2738 3783 eum,

643 3833 780 3934 qui
834 3819 939 3905 in'
970 3852 1062 3904 ea
1114 3824 1546 3904 illustranda
1609 3803 2054 3927 [iugularem
2112 3852 2426 3928 operam
2465 3823 2737 3928 posuit.

643 3964 777 4042 ma
822 3988 999 4044 vero
1045 3966 1310 4068 iniqua
1345 3961 1473 4041 lex
1518 3956 1658 4051 est,
1709 3961 1835 4039 vbi
1873 3963 2124 4045 editor
2169 3981 2526 4062 magnum
2566 3960 2744 4037 alia-

645 4124 815 4174 rum
879 4097 1304 4176 editionum
1371 4121 1775 4174 numerum
1850 4100 1933 4173 in
2004 4094 2274 4174 struem
2358 4101 2744 4197 ingentem

644 4240 844 4315 circa
866 4233 956 4313 se
999 4252 1531 4314 coaceruatum
1594 4231 1856 4328 habet,
1955 4250 2032 4310 et
2073 4248 2457 4337 tamquam
2496 4237 2578 4309 in
2617 4259 2747 4316 or·
