3075 5114
605 381 1233 477 TERTIAE
1312 378 2094 473 EDITIONIS.
2274 414 2472 474 1111

342 584 720 682 videbis
762 610 1093 712 genere
1128 574 1754 670 characterum
1798 571 2172 669 diuerso.
2289 579 2474 673 Or-

348 769 801 840 namenta
840 742 1092 856 libri,
1149 773 1360 833 aere
1390 736 1822 867 expreffa,
1878 737 2233 831 liberali
2277 726 2470 834 for·

361 936 801 1005 tunarum
852 908 1378 1038 erogatione
1436 935 1494 993 a
1554 902 2115 1016 redemtore,
2192 902 2467 1026 Cizsp.

373 1071 825 1192 Fritsclzio
888 1067 1169 1185 facta,
1240 1068 1688 1161 debentur
1737 1071 2104 1197 ingenio
2163 1088 2256 1158 et
2298 1069 2473 1160 arti

361 1239 1046 1333 IaDomenici
1087 1234 1525 1337 Fiorillo,
1640 1263 1891 1324 nunc
1945 1227 2471 1323 Profefforis

354 1396 919 1493 Academiae
948 1398 1406 1526 Georgiae
1437 1395 1934 1526 Augustae3
1991 1425 2471 1524 argumene·

359 1567 482 1656 tis
546 1594 661 1654 ex
718 1565 1148 1686 antiquae
1214 1561 1427 1651 artis
1478 1555 1909 1685 operibus
1961 1561 2090 1650 ita
2133 1564 2470 1685 petitiS,

356 1751 465 1822 vt
512 1759 728 1819 cum
765 1723 954 1853 ipso
1015 1725 1416 1818 carmine
1463 1743 1624 1812 aut
1671 1753 1886 1813 cum
1934 1722 2469 1814 Excurfibus

355 1890 683 2015 aliqua
730 1920 857 1981 ex.
888 1908 1148 2014 parte
1191 1886 1787 1998 conueniant,
1877 1904 1975 1977 vt
2013 1881 2472 2008 voluptati

358 2086 483 2146 ex
518 2051 911 2143 lectione
948 2073 1282 2178 poetae
1328 2070 1824 2177 perceptae
1871 2046 2250 2140 accedat
2294 2044 2472 2139 alia

359 2213 863 2308 oblectatio
923 2212 1169 2307 oculi
1226 2214 1693 2336 animique
1746 2243 1858 2303 ex
1905 2210 2471 2338 contempla-

360 2384 623 2472 tione
666 2378 801 2468 rei
841 2409 1057 2469 cum
1100 2378 1505 2467 carmine
1586 2396 2034 2504 cognatae
2098 2397 2188 2467 et
2247 2401 2470 2466 con-

366 2546 761 2635 iunctae.
909 2544 1119 2632 Hoc
1184 2541 1430 2630 enim
1488 2536 1715 2630 illud
1771 2539 1934 2652 est,
2036 2538 2290 2664 quod
2350 2539 2469 2634 ab

365 2731 756 2832 Vtroque
799 2735 1106 2796 rerum
1144 2734 1471 2834 genere
1518 2726 2101 2830 expectamus
2117 2667 2160 2815 ‚⁰
2203 2725 2301 2794 vt
2332 2706 2469 2795 iu-
2567 2793 2574 2800 .

361 2871 842 2966 canditate
893 2865 1270 2959 honesta
1330 2866 1743 2956 animum
1783 2861 2470 2989 perfundamm,

364 3065 768 3161 eumque
798 3028 1081 3122 modo
1116 3029 1689 3159 grauioribus
1739 3024 2024 3116 modo
2075 3023 2470 3119 molestis

360 3203 608 3292 curis
640 3194 1140 3319 studiisque
1176 3189 1489 3285 feffum
1522 3220 2075 3302 recreemus»,
2123 3185 2464 3279 sensum

363 3387 683 3455 autem
730 3357 1031 3485 pulcri
1074 3379 1419 3449 ct.cmn
1451 3387 1561 3446 eo
1591 3352 1929 3447 sensum
1957 3354 2146 3444 veri
2183 3373 2274 3440 et
2299 3348 2492 3444 ho-.
2565 3441 2568 3448 .

365 3527 588 3619 nesti
651 3551 1131 3634 acuamus;
1215 3487 1691 3610 fatendum
1733 3518 1980 3608 enim
2019 3512 2290 3622 nobis
2345 3514 2470 3619 est

371 3690 506 3782 vel
557 3687 921 3798 inuitis,
1019 3682 1139 3774 ad
1181 3681 1747 3774 honestatem
1797 3701 1889 3771 et
1935 3708 2247 3772 veram
2298 3673 2470 3767 hu-

375 3855 915 3943 manitatem
968 3866 1271 3938 mente
1337 3838 1962 3936 imbibendam
2023 3839 2470 3931 maiorem

373 4017 552 4109 vim
589 4012 947 4104 habere
998 4008 1336 4102 sensum
1396 4006 1680 4100 animi
1738 4026 1979 4099 recte
2033 4000 2470 4094 informa-

377 4197 598 4294 tum,
668 4175 1137 4269 bonarum
1178 4204 1481 4266 rerum
1524 4161 1949 4295 adspectu
1990 4184 2080 4260 et
2126 4163 2471 4298 cogita-

462 4349 710 4423 Tozu.
754 4344 795 4415 Ι
1516 4353 1528 4368 “
1666 4334 1716 4408 b
