3075 5114
645 406 835 497 xm
931 371 1387 464 PRAEF.
1443 369 2626 466 TERT.ED1T10NIS

651 578 905 670 tione
943 569 1449 683 firmatum,
1544 590 1636 661 et
1690 567 2031 661 affiduo
2088 570 2346 665 cultu
2405 568 2748 698 vsuque

650 734 1199 866 expolitum,
1230 810 1239 817 .
1265 764 1549 859 quam
1591 738 2018 829 notiones
2063 733 2420 829 subtiles
2472 761 2564 829 et
2604 769 2747 828 ara

651 902 946 1034 gutiae
1024 896 1589 1013 dialecticas;
1690 897 1845 990 etfi
1921 932 2090 1028 per
2154 898 2240 994 se
2292 933 2465 995 nec
2516 898 2746 1028 ipsas

660 1059 1061 1155 inutiles.
1145 1064 1708 1192 Argumenta
1740 1081 1832 1152 et
1857 1064 2376 1158 notationes
2411 1060 2749 1155 horum

658 1246 1415 1323 ornamentorum
1490 1220 1931 1318 subiectas
2024 1225 2375 1320 videbis
2460 1225 2748 1319 Volu-

656 1392 907 1484 mine
954 1382 1222 1481 sexto,
1319 1391 1694 1482 Reiecta
1744 1420 2117 1515 quoque
2156 1386 2354 1482 sunt
2407 1391 2506 1478 in
2562 1388 2741 1481 hac

630 1551 1064 1647 »editione
1092 1584 1228 1670 ea,
1282 1584 1520 1680 quae
1551 1552 1670 1644 ad
1700 1551 2298 1645 litteraturam
2324 1551 2745 1683 Virgilian-

656 1750 880 1814 nam
933 1739 1025 1811 et
1067 1717 1188 1810 ad
1223 1720 1534 1812 Vitam
1577 1715 1929 1847 Virgilii
1968 1705 2530 1841 spectabant,
2634 1744 2747 1808 ex

659 1882 969 2011 primo
1001 1879 1495 1975 Volumine
1537 1882 1637 1971 in
1683 1882 2145 2004 quintum3
2200 1902 2300 1974 vt
2342 1913 2462 1974 ne
2495 1878 2745 1973 aliud
2902 1955 2905 1959 .

659 2045 1097 2141 volumen
1193 2042 1440 2135 mole
1522 2046 1795 2135 nimis
1892 2073 2228 2173 magna
2322 2064 2745 2175 turgeret,

652 2206 911 2300 aliud
972 2204 1285 2299 exilius
1335 2202 1966 2335 gracilesceret.

823 2373 1204 2494 Iamque
1249 2399 1405 2482 ea,
1469 2370 2001 2494 quaeMaro
2055 2392 2215 2462 aut
2268 2388 2744 2498 expectare

660 2555 821 2626 aut
901 2529 1377 2625 admittere
1432 2532 1777 2660 potest,
1884 2567 2136 2628 noua
2207 2556 2748 2630 ornamenta

658 2695 1081 2821 relinquo
1126 2692 1687 2790 felicioribus
1738 2694 1889 2820 seu
1931 2701 2313 2831 ingeniis
2370 2697 2520 2791 seu
2568 2699 2746 2789 stu-

512 2925 515 2928 ·
656 2858 831 2960 diis
849 2926 878 2974 ‚
923 2857 1257 2987 hicque
1298 2856 1684 2956 subfisto'.
1813 2863 1967 2953 Tu
2009 2886 2355 2976 autem,
2429 2861 2747 2952 diuine

654 3023 926 3115 Maro
946 3089 974 3137 ,
1214 3063 1215 3066 ¹
1673 3063 1676 3064 f

655 3221 773 3268 -.-⁷-=-
839 3199 1361 3278 extremum
1500 3184 1692 3278 hoc·
1838 3218 2185 3275 munus
2335 3182 2750 3275 habecol

466 3341 493 3380 ⁸
653 3350 844 3443 Ser.
990 3347 1501 3481 'Gottingae
1655 3347 2189 3478 Septembri
2360 3369 2750 3440 exeunte

660 3541 802 3614 οπο
821 3505 1275 3616 meeffiz
