3075 5114
756 354 1352 435 nvcoch
1399 352 2075 448 ECL.1v,1-5

2311 356 2453 433 103

482 546 763 626 Vltima
805 550 1119 620 Cumaei
1166 550 1369 620 venit
1425 548 1576 618 iam
1622 548 1968 619 carminis
2017 562 2254 636 aetam

384 687 703 785 Magnus
748 681 844 756 ab
887 687 1182 781 integro
1236 679 1647 756 saeclorum
1690 677 2009 755 nascitur
2062 681 2277 757 ordo.
2405 684 2453 758 5

380 868 481 923 sec.
512 886 636 921 cum
675 867 772 931 al..
834 882 888 922 et
921 865 997 922 fic
1019 866 1219 920 Pierius
1251 865 1308 918 in
1349 863 1612 938 plerisque
1651 862 1751 919 ell'e
1794 864 1898 918 εἰει
1975 862 2227 920 sententie
2267 885 2455 941 parum

385 956 688 1008 commoda.

379 1050 539 1096 vente
570 1038 722 1094 Leid.

382 1209 631 1251 carmen
677 1186 799 1249 hoc
847 1184 1199 1247 bucolicum
1240 1184 1376 1247 satie

382 1312 458 1354 ex
493 1292 792 1374 dignitate
822 1289 1120 1351 Pollionis
1152 1289 1288 1351 Cos.

468 1401 532 1472 4.
586 1397 645 1457 5.
715 1396 935 1477 Agitur
987 1397 1110 1453 iam
1165 1394 1375 1454 vltima

386 1511 555 1557 aetas
583 1501 860 1557 carminis
891 1496 1206 1581 Sibyllini:
1258 1502 1376 1558 ite-

384 1620 522 1660 rum
548 1601 888 1681 procedent
917 1599 1171 1674 saecula,
1210 1621 1372 1684 quae

381 1703 664 1763 fuerunt:
739 1706 797 1766 6.
840 1726 898 1784 7.
943 1703 1245 1786 Adeoque
1275 1725 1374 1764 re-

382 1805 470 1866 dit
490 1826 657 1866 nunc
679 1805 977 1868 saeculum
996 1808 1371 1880 Saturnium,

373 1925 445 1971 et
486 1931 624 1969 cum
669 1930 749 1969 eo
790 1907 1112 1970 hominum
1153 1931 1367 1992 genus,

375 2013 562 2096 quale
590 2011 828 2072 saeculo
856 2012 966 2072 illo
1005 2033 1196 2073 aureo
1234 2014 1367 2074 fuit.

372 2116 591 2198 ltaque
655 2135 716 2175 v.
776 2116 837 2178 8.
910 2135 952 2195 9
1027 2114 1368 2177 subiicitur:

372 2238 574 2300 puero
605 2232 761 2278 nato
801 2217 1064 2278 ferream
1109 2235 1369 2280 aetatem

377 2318 691 2393 definere,
789 2341 1041 2382 auream
1125 2326 1365 2384 exoriri.

373 2424 547 2484 Haec
579 2423 711 2484 sunt
749 2423 874 2504 ipsa
904 2441 1132 2505 poetae
1169 2424 1369 2507 phan-

373 2542 653 2601 tasmata,
694 2524 739 2589 fi
776 2525 932 2588 nihil
972 2528 1223 2589 aliunde
1262 2528 1369 2589 ad·

371 2629 634 2691 sciueris.
719 2631 915 2714 Igitur
955 2652 1201 2693 carmen
1235 2648 1367 2692 tum

369 2732 723 2815 supererat,
765 2735 936 2818 quod
967 2736 1045 2796 ad
1074 2734 1367 2819 Sibyllam

371 2839 719 2897 Cumanam
764 2839 952 2920 vulgo
1004 2839 1218 2899 referri
1274 2838 1369 2898 so-

370 2940 576 3015 lebat,
634 2946 702 3000 in
744 2962 872 3024 quo
886 2984 908 3014 ,
977 2940 1083 3002 vbi
1128 2942 1367 3000 vltima

271 3071 274 3074 Δ
369 3057 560 3103 aetas
604 3042 977 3118 adueniss‘et,
1055 3066 1236 3128 quam
1284 3045 1364 3106 de

369 3145 472 3206 sua
504 3162 702 3207 aetate
732 3151 1169 3228 interpretatur
1211 3170 1366 3228 poe-

371 3262 457 3321 ta,
502 3249 829 3310 meliorum
868 3265 1219 3332 temporum
1264 3273 1365 3312 or·

369 3353 488 3425 dc,
546 3373 664 3432 per
707 3347 1200 3418 ἆτοκατσίστοισιν
1255 3356 1364 3414 ali·

366 3475 572 3538 quam,
595 3455 808 3514 denuo
834 3457 1175 3535 procedere
1200 3478 1364 3519 nun-

369 3555 669 3626 tiabatur3
751 3556 950 3631 Nam,
1003 3560 1362 3620 Cumaeam

366 3679 637 3718 carmen
668 3656 747 3720 de
774 3659 1097 3734 Hesiodea
1115 3706 1131 3731 ,
1172 3684 1206 3724 a
1231 3664 1360 3725 Dio

370 3766 503 3821 eius
546 3777 763 3842 patre,
833 3765 1045 3826 Cumis
1091 3766 1360 3829 oriundo

368 3863 523 3943 (vid.
571 3864 782 3945 Opera
827 3882 891 3927 et
932 3868 1083 3929 Dies
1127 3890 1184 3928 v.
1232 3872 1361 3933 636

362 3964 525 4048 Rp),
627 3964 959 4029 secundum
1043 3961 1360 4033 Valerium

360 4068 660 4143 Probum,
712 4072 1221 4147 Grammaticum,
1265 4082 1360 4137 in-

364 4171 639 4253 telligere
690 4175 854 4252 (cum
887 4175 1162 4239 Fabricio
1203 4178 1359 4240 Bibl.

369 4275 592 4342 Graec.
619 4275 670 4350 1,
699 4280 807 4351 30,
844 4289 941 4359 14,
988 4296 1054 4342 et
1083 4281 1357 4343 Graeuio

825 963 863 1024 4
905 957 1138 1027 Cyme!
1175 952 1411 1026 plerique
1440 970 1525 1025 ep.
1551 951 1688 1005 Pier.
1759 960 2025 1024 temporie
2049 953 2266 1026 Meneg-
2335 962 2456 1011 dane

1457 1185 1627 1247 Lect.
1668 1180 1917 1246 Hefiod.
1962 1206 2012 1246 c.
2054 1189 2143 1267 5),
2199 1208 2334 1251 non
2380 1191 2454 1251 li-

1458 1303 1577 1352 cet,
1674 1287 1844 1348 Nihil
1888 1293 2056 1348 enim
2106 1293 2174 1350 in
2214 1292 2322 1353 illo
2367 1294 2448 1356 de

1455 1390 1922 1453 reuoluentibua
1964 1390 2024 1451 se
2067 1412 2138 1452 ac
2165 1395 2452 1459 redituris

1457 1493 1760 1556 aetatibus
1818 1492 2175 1559 melioribus
2240 1519 2455 1561 occur·

1453 1600 1568 1657 rit:
1637 1593 1750 1657 nisi
1807 1596 2062 1658 obscure
2119 1599 2326 1663 elicias
2376 1625 2454 1666 ex

1452 1697 1534 1758 vs.
1576 1701 1694 1778 175
1742 1688 1998 1777 ὄφειλον
2024 1733 2110 1749 ·—
2140 1692 2177 1785 ἢ
2203 1699 2450 1788 τρόσθι

1452 1798 1710 1874 &enlin
1787 1790 1827 1885 ἢ
1866 1802 2084 1867 ἔπειτα
2125 1805 2443 1879 γενέσθαι.

1455 1904 1634 1984 Quot
1700 1918 1930 1966 aetates
1997 1905 2229 1991 Sibylla
2300 1932 2452 1973 con-

1451 2003 1731 2079 stituerit,
1764 2028 1839 2068 ex
1869 2006 1930 2067 h.
1959 2007 1999 2068 l.
2032 2029 2164 2071 non
2195 2012 2453 2077 constet.

1450 2107 1655 2169 Etiam
1712 2113 1781 2171 in
1848 2126 2115 2172 retracto
2174 2131 2448 2179 aetatum

1451 2211 1624 2272 cursu
1664 2233 1810 2277 mox
1853 2229 2094 2276 tantum
2140 2240 2449 2283 memora·

1451 2327 1556 2374 tur
1604 2316 1827 2378 melior
1876 2317 1981 2378 seu
2023 2339 2210 2384 aurea
2253 2342 2444 2400 aetas,

1447 2415 1551 2476 sua
1593 2419 1865 2493 exordia,
1907 2426 2328 2502 incrementa,
2382 2444 2450 2492 et

1448 2514 1646 2603 ἆκμῆν
1690 2520 1944 2590 babens.
2026 2526 2094 2585 Si
2121 2550 2310 2613 quem
2342 2553 2451 2594 ve-

1448 2643 1522 2683 ro
1567 2624 1722 2683 illud
1760 2626 1923 2686 male
1968 2626 2187 2705 habet,
2246 2637 2449 2717 quod,

1450 2746 1590 2785 cum
1631 2727 1946 2794 Cumanae
1991 2733 2258 2818 Sibyllae
2306 2737 2449 2799 libri

1447 2834 1516 2889 in
1546 2829 1858 2910 Capitolio
1890 2832 2306 2913 seruarentur,
2348 2846 2446 2901 ni-

1448 2931 1536 2993 hil
1579 2954 1654 2994 ex
1708 2937 1780 2994 iis
1838 2956 1874 2995 a
1915 2953 2107 3017 poeta
2158 2937 2291 3000 sciri
2334 2957 2444 3004 aut

1445 3036 1683 3120 wlgari
1726 3043 2039 3119 potuerit:
2098 3044 2446 3107 tenendum

1446 3136 1554 3211 est,
1599 3145 1961 3203 auctoritate
1988 3144 2273 3220 Senatus,
2319 3167 2444 3232 qua

1447 3242 1700 3325 quidem
1772 3244 1915 3304 talia
1985 3251 2085 3328 agi
2149 3250 2239 3309 fas
2308 3267 2443 3312 erat

1446 3348 1527 3423 (v.
1558 3347 1685 3408 Dio
1723 3347 1830 3408 lib.
1872 3349 2174 3423 XXXIX,
2223 3374 2274 3413 c.
2316 3359 2440 3434 15).

1443 3449 1638 3508 multa
1667 3447 1882 3529 paffim
1919 3473 1995 3513 ex
2029 3452 2198 3516 libris
2242 3456 2445 3543 sibyl-

1443 3551 1586 3613 linis
1637 3553 1920 3636 vulgata,
1992 3573 2056 3618 et
2116 3577 2438 3640 praeterea

1443 3676 1738 3739 magnum
1767 3656 2093 3721 effatorum
2111 3663 2445 3748 Sibyllino-

1442 3778 1578 3817 rum
1621 3778 1970 3837 numerum,
2028 3767 2441 3853 vndecunque

1445 3877 1768 3943 acceptum
1798 3882 1863 3926 et
1890 3889 1965 3928 ex
2009 3878 2240 3934 cunctis
2286 3896 2440 3959 gen-

1445 3965 1609 4027 tibus
1642 3985 2059 4048 apportatum,
2113 3967 2299 4061 v'ulgo
2346 3982 2443 4040 in-

1445 4083 1544 4129 ter
1593 4067 1875 4136 homines
1916 4081 2201 4139 iactatum
2243 4079 2434 4142 fuiss'e.

1444 4193 1502 4233 v.
1542 4177 2007 4256 Argumentum.
2103 4182 2437 4246 Constituit

1445 4295 1651 4342 autem
1682 4294 1872 4365 poeta
1896 4298 2158 4346 aetatem
2190 4309 2437 4349 auream
