3075 5114
509 385 526 398 .
583 352 1290 430 oEoRolcoN
1347 349 2099 451 L1B.111‚30-57
2312 349 2461 452 549

384 539 705 617 Stabunt
756 559 833 616 et
877 543 1076 614 Parii
1125 539 1443 641 lapidea,
1537 539 1886 641 spirantia
1931 539 2152 642 figna,

380 674 705 752 Affaraei
741 679 1028 778 proleS,
1103 673 1606 777 demiss'aeque
1646 676 1741 751 ab
1782 681 1971 752 Ioue
2011 681 2250 777 gentis
2355 676 2455 750 55

377 815 736 905 Nomina,
814 814 1165 916 Trosque
1225 836 1530 913 parem,
1618 831 1694 887 et
1750 815 2032 888 Troiae
2092 811 2454 907 Cynthius

535 1023 541 1028 ,
1622 965 1910 1021 auctor.

375 1083 666 1156 Inuidia
729 1061 990 1158 infelix
1067 1084 1320 1156 Furias
1392 1106 1847 1183 amnemque
1911 1055 2292 1156 seuerumx

365 1279 370 1288 ¹
471 1269 480 1280 ⁸
512 1269 581 1336 34
617 1269 690 1321 Ec
706 1264 952 1339 stabunt
982 1269 1154 1321 Acron
1194 1267 1262 1318 ad
1304 1268 1490 1321 Horat.
1520 1264 1630 1320 Od.
1660 1269 1701 1329 1,
1741 1284 1803 1338 ¹9
1816 1303 1834 1330 ,
1899 1265 1988 1320 sed
2026 1268 2228 1340 Cruqu.
2276 1265 2452 1339 vulga-

374 1363 506 1407 tum.
580 1354 795 1424 taptdts
833 1369 1086 1426 quatuor,
1141 1369 1190 1406 et
1233 1351 1304 1405 fic
1334 1353 1454 1406 edd.
1492 1353 1800 1406 nonnullae.
1871 1353 1977 1407 Sed
2027 1354 2247 1409 alterum
2290 1371 2452 1427 poeta

760 1440 827 1493 35
866 1438 1121 1511 dtmgffae
1164 1437 1393 1510 aliquot:
1471 1440 1599 1492 item
1644 1439 1732 1492 alii
1770 1458 1809 1492 a
1842 1442 2004 1495 Ioue.
2101 1457 2296 1514 gentes
2328 1442 2450 1496 Mo·

765 1525 833 1596 37
858 1551 928 1566 —
950 1527 1019 1596 39
1053 1525 1281 1579 Aberant
1312 1525 1378 1579 ab
1405 1545 1506 1579 vno
1541 1525 1724 1579 Mend.

374 1438 601 1508 dignius.

373 1543 494 1598 ung.
538 1524 629 1578 alt.

376 1694 793 1789 tuendum-est
826 1699 1121 1773 alterum,
1175 1699 1371 1790 Geor·
1454 1703 1557 1764 35.
1594 1701 1813 1760 Gentis
1846 1698 2037 1759 Iuliae
2082 1702 2449 1781 progenito-

373 1808 523 1887 gicis
565 1802 868 1864 nonnulla
913 1801 1095 1864 serius
1147 1803 1369 1864 inserta
1452 1823 1549 1863 res
1562 1847 1584 1878 ‚
1667 1819 1736 1864 vt
1800 1802 1985 1885 vulgo
2059 1802 2443 1876 ferebantur,

371 1904 513 1968 ess'e.
600 1907 824 1990 Neque
876 1903 997 1968 hoc
1042 1905 1368 1967 absurdum
1453 1904 1636 1966 ducta
1680 1904 1756 1965 ab
1794 1905 1952 1979 Iulo,
2002 1902 2128 1965 flue
2159 1904 2442 1979 Ascanio,

259 2029 272 2042 ³
371 2007 492 2073 ess'e
525 2009 743 2070 dicam.
843 2024 1121 2091 tropaea
1165 2025 1362 2091 rapta

366 2133 567 2172 manu
585 2143 607 2181 2
687 2118 934 2195 poetica
978 2117 1221 2174 ratione
1282 2113 1361 2174 de

364 2218 620 2277 victoria
661 2223 1005 2298 reportata;
1061 2213 1108 2275 fi
1150 2230 1360 2276 tamen

363 2321 431 2378 in
457 2334 656 2401 rapta
685 2318 1091 2403 argutanglum
1120 2317 1214 2392 fit,
1260 2340 1359 2380 ce·

362 2422 663 2483 lex-itatem
731 2427 1022 2484 victoriae
1100 2427 1360 2504 exprimi

364 2524 525 2586 dicas
570 2546 707 2587 cum
752 2524 1156 2611 Philargyrio.
1259 2524 1359 2585 di-

359 2629 550 2705 verso
602 2648 687 2687 ea:
727 2626 927 2706 hqsle,
992 2633 1060 2689 in
1103 2628 1351 2690 diuersis

359 2744 662 2791 terrarum
702 2732 999 2813 partibum
1116 2733 1216 2793 Sic
1255 2731 1352 2791 di.

354 2834 578 2910 versos
620 2834 838 2895 Celtas
881 2836 1155 2916 appellat
1195 2837 1351 2896 Gra*

353 2940 472 2997 tius
520 2937 753 3021 Cyneg.
809 2941 960 3012 156,
1030 2960 1168 2999 cum
1211 2941 1350 3002 Me-

355 3039 504 3099 dum
538 3040 731 3102 modo
772 3040 1162 3104 nominass'et.
1248 3046 1354 3105 Al-

353 3156 446 3203 ter
474 3141 673 3204 versus
707 3144 981 3204 eiusdem
1013 3145 1351 3210 sententiae

350 3265 523 3306 noua
569 3242 656 3307 est
696 3251 1053 3314 exornatio:
1119 3265 1351 3328 gentes

350 3362 635 3431 veroque
678 3348 767 3407 ab
808 3350 1071 3420 lictore,
1139 3350 1199 3412 h.
1244 3374 1350 3414 exb

351 3436 529 3511 tremi
562 3451 835 3513 Orientis
875 3470 940 3515 et
968 3455 1347 3532 Occidentis,

349 3553 452 3614 bis
483 3556 949 3637 triumphatas,
1007 3559 1085 3621 de
1126 3559 1348 3643 quibus

348 3654 484 3717 bini
553 3659 850 3749 triumphi
934 3659 1126 3722 habiti
1211 3663 1349 3725 sunt

349 3760 508 3835 (non
535 3761 771 3845 vulgari
805 3764 944 3838 vsu,
988 3780 1052 3824 vt
1083 3763 1175 3826 bis
1205 3786 1347 3827 eae-

343 3852 488 3923 dem
532 3881 747 3947 gentes
793 3872 988 3929 victae
1028 3865 1204 3949 fint);
1276 3868 1336 3930 h.

341 3979 544 4027 totum
593 3983 895 4031 terrarum
952 3972 1170 4033 orbem
1215 3978 1339 4035 vic·

341 4083 473 4129 tum
515 4070 593 4131 ab
621 4070 913 4156 Augusto.
959 4122 970 4133 .

424 4174 528 4251 54.
549 4174 896 4257 spirantia
921 4200 1107 4256 aera,
1147 4181 1341 4240 vinos

339 4274 596 4356 vulcus,
661 4281 817 4359 Aen.
868 4282 978 4359 VI,
1011 4285 1155 4363 848.
1189 4287 1335 4364 849.

1448 2010 1705 2069 Aeneae
1773 2007 1937 2083 filio,
2025 2011 2285 2089 origine.
2385 2009 2443 2067 A

1443 2111 1610 2174 louis
1654 2127 1718 2173 et
1760 2112 2041 2173 Electrae
2103 2110 2231 2171 filio
2276 2112 2438 2170 Dar-

1444 2215 1612 2278 dano
1694 2214 2174 2288 Erichthonius)
2265 2218 2436 2275 cuius

1423 2317 1598 2384 ,filius
1661 2320 1821 2379 Tros
1860 2319 2048 2392 Ilum,
2121 2319 2439 2402 Ganyme·-

1444 2420 1570 2481 den
1629 2437 1691 2482 et
1744 2422 2144 2508 Affaracnm
2198 2426 2438 2504 genuit,

1440 2525 1563 2586 vid.
1612 2526 1868 2588 Homer.
1909 2526 2084 2587 Iliad.
2116 2550 2171 2601 υ,
2206 2524 2434 2610 215sq.

1441 2628 1529 2687 Ex
1579 2628 1673 2689 Ilo
1717 2631 2119 2704 Laomedon,
2187 2650 2264 2691 ex
2309 2627 2435 2693 hoc

1435 2732 1729 2795 Priamus.
1816 2736 1925 2793 Ex
1957 2733 2282 2813 Affaraco
2313 2733 2439 2792 Ca-

1426 2855 1589 2915 pys,
1655 2858 1729 2896 ex
1773 2835 1896 2899 hoc
1923 2837 2284 2913 Anchzses,
2354 2858 2432 2896 ex

1433 2936 1556 2999 hoc
1580 2928 1879 2998 Aeneds.-
1936 2941 2132 3001 Porro
2156 2937 2429 3017 Apollo,

1435 3042 1665 3103 Troiae
1700 3043 2007 3116 conditor,
2051 3041 2426 3123 adiungitur,

1436 3150 1581 3229 quia
1624 3149 1675 3206 is
1688 3188 1708 3219 ,
1775 3161 2089 3228 tamquam
2136 3144 2287 3205 deus
2333 3160 2431 3204 tu·

1433 3250 1677 3323 telaria,
1730 3252 2008 3330 inprimis
2053 3269 2278 3331 magna
2331 3270 2430 3309 re-

1430 3353 1668 3436 ligione
1723 3351 1799 3412 ab
1851 3347 2123 3434 Augusto
2184 3350 2431 3413 coleba-

1436 3470 1571 3530 tur,
1642 3476 1829 3539 quem
1895 3455 2055 3515 adeo
2120 3456 2428 3537 Apollinis

1432 3557 1626 3618 filium
1653 3558 1867 3641 vulgus
1892 3556 2148 3621 ferebat.
2189 3581 2247 3627 v.
2277 3560 2430 3622 Sue·

1437 3676 1569 3722 ton.
1602 3662 1761 3743 Aug.
1803 3682 1854 3720 c.
1884 3669 1986 3742 94.

1517 3767 1622 3842 37.
1652 3766 1859 3824 Altera
1889 3785 1961 3825 ex
1994 3778 2171 3845 parte
2205 3768 2272 3827 in
2300 3763 2423 3835 hoc

1429 3869 1666 3949 templo
1722 3864 1958 3950 fignum
1999 3883 2273 3948 ponetur
2314 3869 2420 3930 In-

1422 3971 1663 4044 vidiae,
1752 3970 1858 4031 sed
1919 3969 2315 4052 {debellatae=
2355 3987 2422 4041 et

1425 4074 1505 4134 ad
1574 4074 1902 4135 Tartarum
1990 4074 2417 4154 proturbatae.

1422 4176 1762 4259 splendide
1813 4192 2021 4238 autem
2061 4183 2272 4238 omnia
2312 4199 2418 4238 ex-

1423 4285 1690 4345 ornauit.
1776 4281 2021 4341 Scilicet
2056 4280 2220 4344 bella
2265 4286 2415 4342 ciui-
