3075 5114
690 375 785 452 16
1028 379 1170 459 DE
1236 379 1771 460 CARMINE
1818 387 2433 467 BVCOLICO.

674 558 851 660 ipsa
898 578 1170 638 tamen
1213 565 1734 670 simplicitate
1786 573 2237 648 excluditur
2278 604 2397 654 ex·
2424 577 2580 651 hoc
2614 604 2750 680 ge-

668 714 895 771 nere,
974 699 1392 795 quicquid,
1463 696 1598 793 etfi
1645 699 1901 798 ipsam
1949 707 2176 775 vitae
2227 701 2568 801 rusticae
2613 733 2747 779 ve·-

667 821 995 891 ritatem
1045 829 1440 923 exprimit,
1516 830 1928 928 ingratum
1965 847 2238 905 tamen
2282 835 2400 905 ad
2420 834 2752 933 sensum

668 972 777 1019 ac
841 946 1254 1046 molestum
1315 949 1467 1049 est;
1566 982 1820 1055 neque
1894 962 2106 1033 adeo
2187 963 2746 1072 admittendae

640 1072 848 1174 sunt
869 1075 1181 1173 sordes,
1225 1107 1438 1181 quae
1479 1082 1864 1179 nauseam
1913 1105 2321 1168 moueant,
2364 1117 2530 1162 non
2568 1118 2744 1163 ver-

663 1199 952 1276 borum
999 1204 1393 1303 rusticitas
1442 1226 1520 1281 et
1568 1208 1988 1309 asperitas,
2071 1243 2236 1288 non
2295 1214 2618 1319 agrestis
2663 1234 2742 1292 et

639 1330 914 1429 foeda
945 1333 1406 1433 spurcities.-
1468 1363 1636 1436 qua
1685 1342 1773 1411 in
1821 1366 1911 1412 re
1956 1340 2186 1415 haud
2221 1351 2477 1444 pauci
2524 1373 2738 1449 egre-

656 1460 796 1556 gie
841 1457 1045 1553 faffi.
1095 1462 1375 1556 fuere,
1479 1466 1678 1537 dum
1763 1472 2236 1545 imitationis
2312 1480 2737 1548 veritatem

655 1583 878 1658 male
923 1591 1342 1664 iactarent.
1443 1590 1675 1693 Poffe
1702 1595 1915 1694 sane
1966 1624 2148 1670 cum
2198 1618 2374 1673 arte
2424 1621 2502 1677 et
2553 1630 2737 1677 cum

655 1717 979 1815 ingenio
1063 1724 1419 1795 carmine
1483 1726 1725 1796 reddi
1789 1730 2104 1805 omnia,
2200 1732 2371 1826 quis
2443 1735 2732 1831 neget?

658 1844 1056 1945 Quorsum
1106 1863 1379 1919 tamen
1414 1845 1755 1945 studeas
1822 1855 2222 1926 imitando
2293 1864 2732 1957 exprimere

649 1997 797 2053 ea,
865 1998 923 2042 a
963 1972 1283 2073 quibus,
1339 1972 1419 2069 fi
1484 1977 1709 2073 casus
1760 1977 2157 2060 obtulerit,
2241 1986 2511 2059 oculos
2554 1991 2727 2058 ani-

648 2124 1026 2199 mumque
1086 2107 1578 2175 auertimusi'
1673 2122 1755 2178 et
1825 2133 2035 2207 quae
2108 2110 2260 2182 illa
2342 2113 2519 2186 laus
2581 2110 2728 2213 effe

637 2225 930 2327 potest,
975 2225 1055 2324 fi
1104 2232 1559 2303 imitatione
1607 2258 1709 2303 ea
1758 2231 1954 2307 bene
2002 2241 2470 2322 reddideris,
2552 2226 2746 2343 (μα’--ο

644 2353 822 2439 bus,
881 2355 961 2451 fi
1009 2361 1098 2428 in
1144 2383 1346 2428 vera
1392 2362 1573 2429 vita
1622 2359 2111 2461 exprefferis,
2192 2367 2553 2443 omnibus
2602 2375 2721 2441 in-

637 2509 901 2586 genue
961 2487 1172 2557 natis
1233 2489 1724 2587 importunus
1791 2518 1894 2565 ac
1957 2494 2321 2594 molestus
2383 2497 2720 2595 foedus-⁹

636 2625 796 2714 que
853 2615 1261 2687 videaris?
1345 2615 1686 2704 Contra,
1781 2625 2040 2697 modo-
2084 2625 2416 2727 placeat
2469 2645 2720 2728 poeta

635 2766 751 2813 ao
807 2742 1201 2848 delectem„
1243 2739 1338 2839 fi
1389 2744 1709 2841 consilio
1757 2749 1917 2847 suo
1986 2753 2460 2855 respondere
2524 2761 2718 2828 eius·-

630 2872 865 2950 modi
929 2873 1378 2945 audaciam
1440 2876 1763 2957 videat,
1840 2883 2043 2978 quid
2106 2909 2289 2955 eum
2335 2902 2549 2958 vetet
2598 2889 2719 2956 in-

633 3001 954 3071 terdum
1033 3001 1151 3073 ad
1228 3002 1665 3100 mythicam
1740 3004 2158 3080 hominum
2232 3016 2496 3085 vitam
2571 3040 2716 3088 nos

628 3154 1056 3207 reuocare,
1135 3145 1217 3200 et,
1264 3128 1516 3200 talem
1560 3155 1830 3204 rerum
1878 3137 2271 3216 ordinem,
2353 3143 2711 3225 modum,

628 3274 712 3330 et
734 3254 988 3353 situm
1034 3253 1438 3334 exhibere,
1514 3262 1657 3354 qui
1714 3257 1977 3331 nullus
2021 3288 2384 3361 ‘unquam
2427 3264 2571 3360 nisi.
2626 3272 2714 3340 in

540 3363 551 3377 ⁶
626 3385 1046 3460 hominum
1111 3386 1438 3483 egregia
1499 3386 2015 3485 imaginandi
2076 3393 2166 3460 vi
2228 3390 2711 3490 pollentium

627 3514 922 3586 animis
950 3508 1126 3606 fuit
1142 3538 1172 3595 ,·
1244 3535 1345 3581 ea
1390 3525 1666 3582 tamen
1714 3519 2089 3589 cautione
2133 3517 2542 3602 adhibita,
2618 3539 2712 3595 vt

623 3667 730 3717 ne
774 3635 1281 3711 incredibilia
1318 3636 1570 3737 plane
1625 3655 1703 3709 et
1761 3642 1882 3712 ad
1928 3645 2428 3743 praesentem
2482 3653 2709 3723 vitae

626 3767 1280 3865 consuetudinem
1323 3765 1551 3838 nullo
1612 3770 1855 3841 modo
1903 3771 2366 3870 verisimilia
2399 3767 2703 3880 fingat.

620 3899 1037 3974 Interdum
1092 3921 1286 3967 vero
1348 3896 1550 3994 quid
1611 3921 1794 3966 eum
1845 3926 2218 4001 negemus
2282 3909 2705 4005 antiquam

619 4028 846 4098 vitae
907 4019 1383 4125 pastoritiae
1453 4021 1855 4132 rationem
1919 4030 2333 4130 elegantiis
2412 4049 2491 4104 et
2570 4035 2704 4120 de-

619 4152 826 4225 liciis
873 4180 920 4225 e
964 4145 1236 4243 nostra
1278 4153 1458 4219 vita
1486 4155 1793 4248 petitis,
1862 4159 2106 4228 modo
2133 4158 2345 4254 satis
2387 4161 2702 4259 consen·

619 4298 914 4358 taneae
933 4275 1138 4379 fiat,
1201 4293 1645 4375 temperare
1701 4287 2123 4360 commode
2157 4284 2432 4391 poffeP
2510 4293 2701 4368 Non
