3075 5114
639 347 776 422 158

999 346 1141 418 ·Ρ.
1184 345 1685 421 VIRGILII
1747 345 2277 423 MARONIS

631 479 899 609 Infelix
939 528 1071 610 ⁴sua
1135 550 1335 607 tecta
1383 530 2029 631 superuolitauerit
2082 533 2265 608 alis?

761 660 1071 748 Omnia,
1144 681 1375 757 quae,
1444 656 1760 733 Phoebo
1828 659 2217 761 quondam
2281 654 2711 748 meditante,

1884 778 2151 852 beatus

633 900 892 980 Audiit
925 902 1287 991 Eurotas,
1349 895 1696 999 iuffitqu'e
1734 900 2072 979 ediscere
2112 902 2387 993 lauros,

769 1064 832 1115 81
853 1061 1043 1132 supra
1074 1064 1413 1115 volitauerlt
1451 1063 1574 1115 ales
1615 1063 1776 1117 Rom.
1853 1065 1974 1117 ales
2012 1064 2171 1118 etiam
2214 1063 2410 1116 Medic.
2441 1079 2472 1115 a
2497 1079 2569 1114 m.
2612 1059 2707 1114 seo.

636 1147 774 1200 Ciris
803 1150 870 1202 50
900 1147 966 1199 de
993 1147 1151 1201 altera
1181 1146 1384 1218 Scylla:
1422 1163 1485 1200 vt
1523 1157 1680 1201 tenui
1706 1151 2095 1220 conscendens
2119 1148 2323 1219 fidem
2348 1168 2541 1220 penna
2576 1148 2712 1198 Cae-

636 1235 810 1284 ruleis
855 1233 978 1303 sua
1038 1247 1189 1285 lecca
1236 1234 1756 1305 superuoluauerit
1811 1242 1938 1291 alis.

636 1337 786 1390 quae
853 1317 1144 1383 quondam
1203 1316 1435 1372 Phoebo
1491 1339 1567 1378 m.
1606 1321 1774 1373 Goth.
1818 1320 1917 1376 sec.

2100 1238 2166 1290 82
2212 1235 2461 1306 quodam
2511 1232 2710 1285 Medic.

2088 1324 2156 1376 83
2192 1321 2430 1393 edffere
2479 1314 2710 1370 Parrhas-

636 1403 860 1457 edae‘cere
885 1405 1084 1458 Pierius
1107 1403 1344 1467 exhibet,
1399 1419 1452 1459 et
1480 1403 1662 1460 laudnt
1688 1424 1752 1461 ex
1777 1424 1880 1462 vet.
1923 1426 2128 1462 ramos.
2212 1411 2406 1463 laurus
2434 1405 2629 1459 Medic.
2658 1418 2712 1458 et

634 1541 927 1603 membris
963 1547 1191 1624 paratis
1252 1538 1506 1623 (dapes
1546 1574 1636 1590 ·-

636 1645 891 1721 dona),
944 1646 1047 1706 illa
1085 1667 1223 1706 cum
1268 1644 1475 1706 sorore
1516 1640 1634 1704 ssa-

513 1790 525 1801 ·
634 1753 744 1809 tim
773 1746 1069 1832 profugit,
1102 1748 1464 1831 insequente
1490 1767 1632 1806 cum

629 1852 800 1913 ferro
877 1852 1119 1926 Tereo;
1227 1848 1372 1910 hinc
1440 1849 1630 1909 illud:

636 1975 767 2038 quo
797 1953 985 2030 cursu
1014 1951 1273 2030 deserta
1293 1953 1630 2034 petiuerit.

630 2057 806 2128 Mox,
837 2056 1044 2115 Tereo
1075 2051 1356 2127 instante,
1393 2054 1630 2113 sorores

630 2162 700 2218 in
744 2177 891 2216 aues
933 2170 1276 2222 mutantur;
1328 2170 1456 2213 tum
1486 2149 1633 2213 Phi-

630 2258 862 2319 lomela
919 2256 1188 2317 hirundo
1243 2257 1399 2316 sacta
1454 2261 1633 2339 inge-

632 2358 811 2421 :nioso
885 2356 1017 2417 lusu
1083 2373 1368 2418 narratur
1447 2359 1631 2420 aedes

630 2461 761 2522 suas
791 2459 1250 2535 circumuolare,
1311 2458 1478 2544 quafi
1505 2466 1632 2543 pri-

632 2561 825 2627 stinae
844 2563 993 2624 sedis
1012 2559 1309 2625 desiderio
1329 2586 1345 2624 ε
1376 2562 1524 2624 Stat.
1540 2563 1633 2626 III

632 2667 785 2726 silu.
820 2670 858 2729 5
872 2707 895 2741 ,
942 2668 1026 2746 98
1084 2666 1236 2727 Non
1255 2664 1360 2742 stc
1404 2666 1629 2725 Philo-

631 2771 808 2829 mela
862 2784 1141 2849 penates
1181 2767 1431 2827 Circuit
1486 2790 1628 2827 am-

623 2873 922 2956 plectens
1025 2873 1451 2955 animamque
1553 2873 1628 2932 in·

622 2969 915 3058 pignora
971 2975 1290 3052 transfert
1313 2995 1338 3042 ,·
1433 2990 1497 3035 et
1549 2974 1628 3036 de

634 3080 828 3138 altera
857 3078 1055 3162 Scylla
1083 3081 1151 3136 in
1184 3097 1365 3135 auem
1393 3092 1629 3137 mutata

632 3182 791 3242 Ciris
834 3185 911 3244 51
977 3192 1053 3237 vt
1094 3178 1280 3237 tenui
1323 3180 1628 3255 conscen-

628 3282 794 3345 dens
802 3281 1036 3357 fidera
1049 3301 1279 3363 penna
1294 3281 1629 3341 Caeruleis

604 3387 749 3469 fita
803 3399 981 3444 tecta
1027 3383 1629 3465 steperuolicaueric

625 3490 772 3549 alis.
829 3488 1118 3547 Similiter
1158 3488 1237 3546 de
1272 3483 1515 3547 Callisto
1559 3492 1627 3549 in

523 3672 526 3677 θ
624 3590 818 3653 vrsam
859 3604 1096 3650 mutata
1128 3589 1314 3649 Ouid.
1358 3589 1420 3649 11
1464 3590 1624 3666 Met.

619 3701 752 3775 490
798 3692 916 3752 Ala
961 3695 1250 3776 quocies,
1295 3692 1456 3770 sola
1485 3715 1624 3752 non

618 3796 789 3872 ausa
825 3795 1155 3876 quiescere
1176 3793 1395 3870 sclua,
1437 3796 1625 3858 Ante

620 3897 890 3958 domum
947 3896 1413 3980 quondamque
1468 3901 1624 3977 fitis

618 4002 873 4061 errauit
900 4002 974 4058 ia
1001 4002 1202 4077 agris.
1255 4001 1399 4085 Quo
1426 4002 1617 4080 cussie

616 4120 682 4165 et
717 4103 955 4188 quibus
994 4103 1122 4161 alis
1160 4104 1322 4164 dicta
1365 4104 1619 4188 elegan-

521 4260 530 4267 ,
616 4222 714 4268 ter
740 4227 856 4288 pro
890 4206 1246 4293 quomodm
1312 4208 1412 4267 Sic
1452 4211 1612 4268 Aen.

615 4309 683 4387 1,
732 4310 859 4393 750
944 4296 1137 4372 Nunc
1179 4309 1414 4394 quibus
1465 4307 1612 4371 Au-

1717 1563 1918 1602 rorae
1957 1542 2231 1625 venffl'et
2258 1542 2450 1624 filius
2485 1540 2710 1611 armis,

1715 1647 1911 1706 Nunc
1929 1645 2159 1728 quales
2173 1643 2516 1705 Diomedis
2537 1641 2714 1724 equi,

1715 1769 1895 1806 nunc
1923 1762 2212 1831 quantus
2222 1748 2539 1814 Achilles,
2557 1764 2671 1825 pro
2688 1759 2708 1802 2

1713 1849 1910 1910 multa
1980 1869 2208 1931 rogans
2270 1847 2453 1928 super
2512 1848 2716 1906 Mem-

1713 1971 1922 2025 none,
1988 1950 2300 2010 Diomede
2346 1966 2411 2011 et
2456 1946 2715 2008 Achille.

1714 2051 1882 2110 Tum
1940 2065 2118 2112 tecta
2169 2067 2331 2111 ante
2372 2051 2518 2132 sua
2571 2052 2712 2107 iun-

1713 2152 1923 2236 genda
1967 2152 2139 2229 sunt,
2211 2154 2380 2237 quod
2421 2155 2545 2211 iam
2607 2149 2709 2208 alii

1713 2275 2051 2331 monuere,
2101 2273 2166 2317 vt
2188 2263 2255 2317 in
2284 2257 2499 2315 Ouidii
2530 2254 2670 2313 loco
2689 2273 2707 2310 ε

1717 2357 2184 2443 quondamque
2207 2360 2358 2438 fitis
2398 2361 2470 2417 in
2502 2355 2707 2436 agris,

1716 2459 1825 2521 etfi
1859 2482 2079 2542 parum
2106 2462 2370 2521 suauiter
2400 2461 2709 2519 adiectum

1713 2562 1931 2625 sentio.
2006 2568 2297 2626 Attamen
2327 2565 2605 2636 alterum,
2644 2571 2708 2620 vt

1709 2682 1872 2727 ante
1891 2668 1962 2730 fit
1981 2685 2312 2751 antequam
2335 2663 2569 2727 deserta
2594 2684 2708 2744 pe.-

1711 2785 1909 2846 teret,
1967 2792 2102 2833 non
2141 2777 2343 2830 minus
2382 2763 2705 2829 molestum

1711 2868 1818 2934 est.
1879 2919 1887 2931 .
1931 2874 2189 2948 Cursus,
2256 2895 2387 2956 quo
2445 2870 2706 2950 deserta

1706 2978 1953 3057 petiuit
1964 3019 1986 3050 ,
2067 2977 2264 3039 videri
2332 2972 2516 3057 poffit
2583 2970 2705 3034 efl'o

1712 3074 2068 3152 bacchatio,
2127 3100 2249 3162 qua
2293 3079 2430 3153 illa,
2501 3079 2706 3137 mariti

1709 3179 1935 3242 scelere
1970 3198 2313 3261 comperto,
2375 3181 2455 3240 ad
2495 3181 2707 3240 locum

1710 3281 2018 3365 prosiluit,
2071 3305 2198 3366 quo
2249 3282 2421 3343 soror
2470 3281 2706 3342 occlusa

1709 3387 1973 3448 latebat:
2061 3384 2249 3445 Ouid.
2322 3386 2367 3444 1.
2440 3404 2490 3443 c.
2557 3389 2704 3462 590.

1708 3492 1838 3571 594
1864 3490 1947 3574 sq.
1994 3488 2091 3548 Ne
2122 3504 2329 3547 tamen
2357 3484 2437 3546 fic
2456 3482 2700 3558 statuas,

1705 3609 1896 3675 poeta
1941 3591 2067 3673 ipse
2125 3590 2484 3658 intercedit;
2553 3609 2704 3648 nam

1697 3693 1843 3776 post
1896 3710 2135 3778 paratas
2191 3699 2314 3753 iam
2364 3692 2576 3774 epula's
2636 3702 2702 3750 et
2776 3740 2783 3745 x

1706 3796 2053 3879 appositum
2082 3796 2296 3871 filium,
2340 3795 2599 3874 cursum
2626 3796 2702 3854 ia

1704 3898 1966 3977 deserta
2045 3915 2518 3972 commemorat,
2632 3912 2699 3958 et

1702 4017 1852 4062 tunc
1907 4001 2157 4063 demum
2222 4002 2565 4065 Philomela
2626 4004 2705 4064 in

1701 4126 1881 4167 auem
1909 4122 2198 4166 mutatur.

1725 4213 1728 4217 ’
1782 4210 1886 4274 83.
1959 4212 2211 4272 Amauit
2253 4205 2691 4293 Hyacinthum,

1696 4310 1924 4377 Oebali
1980 4315 2206 4390 filium,
2293 4314 2688 4396 Spartanum,
