3075 5114
722 422 877 503 7¹⁰
1179 396 1264 469 P.
1310 394 1803 471 VIRGILII
1863 391 2385 472 MARONIS

726 583 1106 674 Pandere,
1157 610 1313 686 quo
1352 609 1502 686 que
1527 583 1759 658 modo
1792 580 2016 659 caelis
2046 586 2196 655 iam
2227 578 2440 681 saepe
2466 588 2846 664 iuuencis‘

730 720 1147 798 Infincerus
1183 747 1358 822 apes
1392 719 1642 794 tulerit
1674 745 1922 794 cruor.
1995 716 2231 791 Altius
2263 742 2574 794 ornnem
2673 724 2837 800 285

727 857 1144 960 Expediam
1191 860 1429 955 prima
1490 874 1837 956 repetens
1891 852 1984 928 ab
2030 856 2320 955 origine
2359 850 2671 929 famam.

728 1001 924 1072 Nam
975 1015 1124 1093 qua
1163 988 1444 1064 Pellaei
1494 1016 1677 1090 gens
1733 989 2112 1065 fortunata
2168 990 2464 1093 Canopi

872 1194 975 1259 2815
1012 1187 1187 1262 caesas
1232 1199 1348 1244 iam
1384 1191 1558 1264 forte
1615 1198 1653 1245 ι’.
1706 1211 1787 1265 pr.
1833 1192 2029 1246 Moret.

1651 1280 1750 1347 287
1791 1280 1942 1331 Nam
1984 1295 2152 1346 quam
2192 1277 2392 1331 Medic.
2476 1296 2631 1348 qnae
2669 1279 2828 1335 Gud-

725 1278 864 1332 Ven.
935 1285 1179 1347 prienam
1217 1278 1385 1332 Goth.
1422 1298 1497 1348 pr.

2182 1191 2287 1248 286
2314 1198 2510 1263 patria
2556 1209 2835 1263 repetens

723 1365 929 1426 fellei,
955 1364 1135 1425 Petet,
1162 1365 1343 1428 Pala,
1367 1363 1633 1419 nonnulli.
1681 1366 1859 1421 Penei
1883 1368 2064 1419 Franc.
2115 1361 2206 1417 Est
2232 1368 2442 1427 Πέλλα.
2474 1368 2788 1424 Πελλαῖος.

596 1579 604 1585 .
725 1544 900 1589 nunc
960 1524 1191 1586 Eckhel
1247 1526 1437 1586 Numi
1481 1541 1604 1590 vet.
1660 1549 1725 1609 p.

733 1636 876 1692 ιυδ.
955 1644 1018 1689 et
1088 1631 1391 1690 Doctrina
1462 1630 1724 1692 Numor.

725 1749 850 1793 vet.
880 1732 947 1792 P.
982 1731 1054 1801 11,
1092 1755 1151 1814 p.
1185 1735 1308 1796 326
1361 1732 1439 1792 ad
1468 1753 1725 1792 numum

727 1836 915 1898 Ceae.
1035 1836 1198 1894 Sane
1249 1850 1312 1895 et
1368 1834 1494 1916 ipse
1542 1836 1723 1896 Maro

724 1943 886 2000 infra
933 1960 988 1998 v.
1034 1939 1156 2011 317
1208 1936 1332 2018 sqq.
1432 1938 1723 2021 Cyrenen

723 2048 793 2103 in
833 2039 1135 2102 Thess'alia
1185 2040 1546 2115 collocauit,
1607 2043 1724 2102 Pe-

722 2151 833 2208 :nei
896 2149 1084 2224 patris
1143 2160 1316 2202 antra
1373 2142 1723 2204 inhabitan-

725 2261 876 2315 tem,
921 2245 1113 2326 ipsum
1148 2263 1353 2306 autem
1382 2244 1719 2307 Aristaeum

720 2349 968 2425 Tempe
1041 2345 1381 2427 incolume⁸
1430 2347 1721 2432 fignificat

720 2471 781 2510 ν.
827 2452 971 2528 317.
1076 2452 1213 2528 284.
1282 2451 1356 2511 Et
1399 2454 1717 2536 quomodo

718 2555 844 2614 iam
923 2550 1101 2634 saepe
1184 2550 1363 2613 caefis
1439 2560 1718 2619 iuuencis

720 2677 926 2717 cruor
959 2655 1337 2731 insincerus,
1391 2676 1716 2740 corruptus

718 2782 796 2822 ex
818 2762 1162 2839 'putredine
1177 2803 1198 2833 ,
1250 2759 1511 2830 tulerit,
1571 2784 1718 2844 pro-

717 2863 928 2921 tulerit
943 2905 962 2934 ,
1539 2886 1713 2945 apes.

720 2967 867 3026 286.
931 2986 1187 3024 omnem
1225 2967 1535 3047 famam,
1621 2972 1715 3030 rei

714 3072 1081 3128 memoriam
1098 3111 1119 3143 ,
1273 3074 1711 3131 narrationem.

1084 2867 1390 2945 generarit
1407 2908 1428 2938 ,

716 3169 1021 3229 Ordinem
1076 3185 1281 3231 autem
1343 3177 1710 3233 narrationis
1779 3169 2187 3252 soretmata,

705 3259 796 3333 ita
903 3269 1244 3334 constituit:
1374 3273 1709 3336 Aristaeum

707 3374 953 3456 Tempe
1014 3374 1358 3437 Theffaliae
1432 3373 1710 3440 incolen-

706 3490 838 3538 tem
874 3498 1060 3558 apum
1092 3483 1373 3539 examina
1403 3479 1505 3541 lue
1549 3479 1709 3564 gras·

706 3579 881 3642 sante
926 3578 1194 3643 amifiss'e.
1283 3581 1705 3667 conquestum

708 3683 1119 3744 calamitatem
1193 3686 1361 3767 apud
1441 3704 1704 3748 matrem

1812 1522 1932 1587 ess'e
1971 1532 2101 1586 eius
2135 1523 2353 1606 apibus
2384 1540 2651 1607 propter
2677 1541 2821 1588 ten.

1810 1643 2001 1689 tatam
2043 1627 2118 1688 ab
2155 1649 2232 1689 eo
2257 1627 2638 1712 Eurydicen,
2689 1631 2820 1690 Or·

1807 1729 1954 1811 phei
2001 1734 2367 1813 coniugem;
2430 1733 2818 1811 expiandum

1808 1829 1928 1893 effe
1969 1832 2268 1915 flagitium
2315 1848 2379 1894 et
2433 1834 2818 1914 placandam

1805 1935 2236 2020 Nympharum
2321 1942 2497 2007 iram.
2641 1941 2818 2001 Tum

1805 2036 2108 2099 Aristaeus
2161 2043 2227 2099 in
2278 2018 2651 2100 Thess'alia‘m
2715 2064 2815 2104 re-

1807 2142 1929 2201 dux
1996 2141 2229 2202 sacrum
2300 2156 2506 2222 parat,
2602 2143 2812 2205 caesas

1804 2242 2108 2329 Nymphis
2146 2247 2415 2305 victimas
2447 2249 2514 2304 in
2542 2264 2814 2308 nemore

1804 2349 2047 2408 relictas
2093 2347 2307 2428 paullo
2337 2345 2476 2430 post
2508 2350 2807 2423 renuens,

1805 2472 1993 2532 apum
2035 2455 2315 2511 examina
2361 2472 2440 2510 ex
2471 2448 2812 2514 visceribus

1802 2571 2104 2639 prognata
2152 2551 2338 2613 videt.

1932 2662 2053 2737 287
2088 2690 2174 2703 —-
2206 2659 2349 2738 293.
2440 2653 2504 2718 h.
2545 2678 2670 2739 per
2712 2675 2809 2721 to-

1802 2775 1923 2820 tam
1986 2762 2357 2843 Aegyptum.
2490 2760 2812 2845 Interpre-

1802 2877 1932 2921 tum
2043 2861 2454 2923 aestuantium
2537 2883 2807 2927 conatus

1799 2985 2288 3027 commemorare
2373 2966 2464 3027 nil
2557 2973 2806 3029 attinet.

1796 3068 2132 3129 Videamus
2242 3065 2498 3154 fingula.
2629 3090 2808 3150 gene

2282 3193 2313 3232 a
2362 3188 2560 3233 terrae
2604 3174 2804 3234 felici-

1796 3288 1960 3348 tate,
2048 3274 2154 3336 seu
2192 3273 2506 3336 fertilitate
2552 3297 2628 3336 ex
2668 3278 2802 3338 Nili

1793 3380 2210 3439 incrementis.
2342 3380 2683 3460 Canopus,
2759 3376 2802 3443 ὅ

1792 3472 2103 3561 Κάνωβος,
2142 3483 2411 3566 Aegypti
2446 3478 2610 3556 vrbs,
2655 3501 2802 3546 non

1790 3580 1980 3664 longe
2020 3582 2097 3643 ab
2138 3584 2544 3654 Alexandria3
2602 3605 2795 3667 quae,

1790 3686 1962 3768 quod
2006 3689 2128 3746 iam
2160 3689 2486 3762 Martium,
2528 3691 2623 3747 vir
2662 3688 2797 3750 ele·

701 3805 843 3845 cum
892 3784 1080 3861 iiss‘et,
1150 3787 1227 3849 ab
1287 3786 1403 3849 hac
1449 3788 1704 3872 respon·
1783 3791 1985 3870 gantis
2031 3790 2279 3868 iudicii,
2351 3792 2538 3866 vidit,
2618 3795 2789 3852 occi-

696 3884 831 3947 sum
901 3893 1173 3970 accepit,
1264 3891 1556 3953 Proteum
1629 3899 1698 3957 in
1782 3891 2094 3954 dentalem
2176 3897 2444 3979 Aegypti
2537 3909 2787 3976 partem

695 3985 954 4047 Pallene
1001 3991 1123 4071 392
1171 3991 1251 4053 de
1292 3992 1489 4055 causs'a
1549 3997 1696 4057 mali
1780 3993 2059 4079 defigunt
2117 3994 2242 4076 (est
2286 4002 2452 4057 enim
2502 3998 2788 4079 Canopi-

693 4104 761 4152 et
804 4089 1045 4149 medela
1079 4089 1199 4154 effe
1229 4096 1688 4159 consulendum.
1777 4119 1917 4158 cum
1968 4106 2236 4182 primurn
2278 4098 2354 4159 ab
2402 4101 2780 4162 occidentali

686 4192 837 4254 Adit
904 4197 1148 4258 iuuenis
1230 4196 1524 4259 Proteum
1611 4225 1685 4264 ex
1768 4201 1962 4264 latere
2017 4204 2144 4264 Nili
2207 4200 2505 4285 ostium);
2604 4205 2777 4266 vnde

681 4315 888 4379 eoque
938 4296 1110 4358 audit
1148 4296 1318 4360 luem
1361 4299 1684 4364 immiss'am
1765 4304 2042 4393 Aeschyl.
2088 4310 2158 4371 in
2189 4307 2506 4373 Prometh.
2547 4330 2603 4373 v.
2638 4310 2774 4390 345
