<?xml version="1.0" encoding="UTF-8"?>
<!DOCTYPE html PUBLIC "-//W3C//DTD XHTML 1.0 Transitional//EN"
    "http://www.w3.org/TR/xhtml1/DTD/xhtml1-transitional.dtd">
<html xmlns="http://www.w3.org/1999/xhtml" xml:lang="en" lang="en">
 <head>
  <title>
</title>
<meta http-equiv="Content-Type" content="text/html;charset=utf-8" />
  <meta name='ocr-system' content='tesseract 3.04.00' />
  <meta name='ocr-capabilities' content='ocr_page ocr_carea ocr_par ocr_line ocrx_word'/>
</head>
<body>
  <div class='ocr_page' id='page_1' title='image "./pvirgilivsmarov01virggoog_0313.png"; bbox 0 0 3075 5114; ppageno 0'>
   <div class='ocr_carea' id='block_1_1' title="bbox 1042 342 2497 426">
    <p class='ocr_par' dir='ltr' id='par_1_1' title="bbox 1042 342 2497 426">
     <span class='ocr_line' id='line_1_1' title="bbox 1042 342 2497 426; baseline -0.003 -4"><span class='ocrx_word' id='word_1_1' title='bbox 1042 345 1199 422; x_wconf 82' lang='lat' dir='ltr'>AD</span> <span class='ocrx_word' id='word_1_2' title='bbox 1274 345 1851 426; x_wconf 77' lang='lat' dir='ltr'>Bvcomca</span> <span class='ocrx_word' id='word_1_3' title='bbox 2341 342 2497 424; x_wconf 72' lang='lat'>233</span> 
     </span>
    </p>
   </div>
   <div class='ocr_carea' id='block_1_2' title="bbox 912 531 1987 796">
    <p class='ocr_par' dir='ltr' id='par_1_2' title="bbox 912 531 1987 796">
     <span class='ocr_line' id='line_1_2' title="bbox 912 531 1987 638; baseline -0.005 -17"><span class='ocrx_word' id='word_1_4' title='bbox 912 531 1796 638; x_wconf 66' lang='lat' dir='ltr'>EXCV,RSVS</span> <span class='ocrx_word' id='word_1_5' title='bbox 1886 537 1987 617; x_wconf 91' lang='lat' dir='ltr'>II</span> 
     </span>
     <span class='ocr_line' id='line_1_3' title="bbox 1148 697 1754 796; baseline -0.003 -20"><span class='ocrx_word' id='word_1_6' title='bbox 1148 703 1311 776; x_wconf 81' lang='lat' dir='ltr'>De</span> <span class='ocrx_word' id='word_1_7' title='bbox 1410 697 1754 796; x_wconf 81' lang='lat' dir='ltr'>Varo.</span> 
     </span>
    </p>
   </div>
   <div class='ocr_carea' id='block_1_3' title="bbox 391 883 2496 3857">
    <p class='ocr_par' dir='ltr' id='par_1_3' title="bbox 391 883 2496 3857">
     <span class='ocr_line' id='line_1_4' title="bbox 573 883 2496 978; baseline -0.002 -25"><span class='ocrx_word' id='word_1_8' title='bbox 573 887 706 953; x_wconf 68' lang='lat' dir='ltr'>Bel.</span> <span class='ocrx_word' id='word_1_9' title='bbox 749 887 877 964; x_wconf 77' lang='lat' dir='ltr'>vl,</span> <span class='ocrx_word' id='word_1_10' title='bbox 923 892 986 956; x_wconf 86' lang='lat'>6.</span> <span class='ocrx_word' id='word_1_11' title='bbox 1028 912 1068 973; x_wconf 90' lang='lat'>7</span> <span class='ocrx_word' id='word_1_12' title='bbox 1114 883 1432 978; x_wconf 65' lang='lat' dir='ltr'>‘namque</span> <span class='ocrx_word' id='word_1_13' title='bbox 1447 894 1662 973; x_wconf 81' lang='lat' dir='ltr'>super</span> <span class='ocrx_word' id='word_1_14' title='bbox 1704 890 1831 953; x_wconf 75' lang='lat' dir='ltr'>eibi</span> <span class='ocrx_word' id='word_1_15' title='bbox 1870 904 2067 951; x_wconf 78' lang='lat' dir='ltr'>etune</span> <span class='ocrx_word' id='word_1_16' title='bbox 2110 892 2228 975; x_wconf 73' lang='lat' dir='ltr'>qui</span> <span class='ocrx_word' id='word_1_17' title='bbox 2271 890 2496 950; x_wconf 67' lang='lat' dir='ltr'>dicere</span> 
     </span>
     <span class='ocr_line' id='line_1_5' title="bbox 410 990 2490 1078; baseline 0 -25"><span class='ocrx_word' id='word_1_18' title='bbox 410 990 675 1064; x_wconf 78' lang='lat' dir='ltr'>landes,</span> <span class='ocrx_word' id='word_1_19' title='bbox 736 994 813 1057; x_wconf 90' lang='lat' dir='ltr'><em>V</em></span> <span class='ocrx_word' id='word_1_20' title='bbox 801 1014 921 1053; x_wconf 84' lang='lat' dir='ltr'>are</span> <span class='ocrx_word' id='word_1_21' title='bbox 931 1037 955 1070; x_wconf 88' lang='lat'>‚</span> <span class='ocrx_word' id='word_1_22' title='bbox 1027 1010 1179 1056; x_wconf 70' lang='lat' dir='ltr'>ena-e</span> <span class='ocrx_word' id='word_1_23' title='bbox 1223 1000 1537 1078; x_wconf 79' lang='lat' dir='ltr'>cupiant,</span> <span class='ocrx_word' id='word_1_24' title='bbox 1608 1011 1675 1056; x_wconf 82' lang='lat' dir='ltr'>ee</span> <span class='ocrx_word' id='word_1_25' title='bbox 1717 992 1928 1073; x_wconf 68' lang='lat' dir='ltr'>enssin</span> <span class='ocrx_word' id='word_1_26' title='bbox 1966 993 2251 1054; x_wconf 78' lang='lat' dir='ltr'>condere</span> <span class='ocrx_word' id='word_1_27' title='bbox 2294 994 2490 1054; x_wconf 75' lang='lat' dir='ltr'>bella.</span> 
     </span>
     <span class='ocr_line' id='line_1_6' title="bbox 419 1094 2495 1182; baseline 0 -26"><span class='ocrx_word' id='word_1_28' title='bbox 419 1116 495 1157; x_wconf 86' lang='lat'>10</span> <span class='ocrx_word' id='word_1_29' title='bbox 549 1111 617 1156; x_wconf 77' lang='lat' dir='ltr'>ee</span> <span class='ocrx_word' id='word_1_30' title='bbox 647 1094 930 1173; x_wconf 81' lang='lat' dir='ltr'>nostrae,</span> <span class='ocrx_word' id='word_1_31' title='bbox 985 1096 1062 1159; x_wconf 88' lang='lat' dir='ltr'><em>V</em></span> <span class='ocrx_word' id='word_1_32' title='bbox 1050 1119 1192 1173; x_wconf 79' lang='lat' dir='ltr'>are,</span> <span class='ocrx_word' id='word_1_33' title='bbox 1247 1103 1560 1182; x_wconf 77' lang='lat' dir='ltr'>myricae,</span> <span class='ocrx_word' id='word_1_34' title='bbox 1626 1099 1714 1158; x_wconf 77' lang='lat' dir='ltr'>Te</span> <span class='ocrx_word' id='word_1_35' title='bbox 1752 1118 1982 1157; x_wconf 78' lang='lat' dir='ltr'>nemus</span> <span class='ocrx_word' id='word_1_36' title='bbox 2024 1118 2216 1156; x_wconf 78' lang='lat' dir='ltr'>omne</span> <span class='ocrx_word' id='word_1_37' title='bbox 2254 1111 2495 1172; x_wconf 51' lang='lat' dir='ltr'>cauete,</span> 
     </span>
     <span class='ocr_line' id='line_1_7' title="bbox 411 1198 2494 1285; baseline -0.001 -27"><span class='ocrx_word' id='word_1_38' title='bbox 411 1219 534 1258; x_wconf 75' lang='lat' dir='ltr'>nec</span> <span class='ocrx_word' id='word_1_39' title='bbox 557 1198 823 1259; x_wconf 72' lang='lat' dir='ltr'>Phoebo</span> <span class='ocrx_word' id='word_1_40' title='bbox 849 1204 1116 1278; x_wconf 73' lang='lat' dir='ltr'>gratior</span> <span class='ocrx_word' id='word_1_41' title='bbox 1152 1202 1295 1262; x_wconf 80' lang='lat' dir='ltr'><em>vlla</em></span> <span class='ocrx_word' id='word_1_42' title='bbox 1327 1201 1439 1280; x_wconf 78' lang='lat' dir='ltr'>est,</span> <span class='ocrx_word' id='word_1_43' title='bbox 1489 1203 1702 1285; x_wconf 78' lang='lat' dir='ltr'><strong><em>Quam</em></strong></span> <span class='ocrx_word' id='word_1_44' title='bbox 1723 1200 1862 1278; x_wconf 80' lang='lat' dir='ltr'>fibi</span> <span class='ocrx_word' id='word_1_45' title='bbox 1893 1221 2067 1285; x_wconf 77' lang='lat' dir='ltr'>quae</span> <span class='ocrx_word' id='word_1_46' title='bbox 2092 1200 2264 1259; x_wconf 78' lang='lat' dir='ltr'>Vari</span> <span class='ocrx_word' id='word_1_47' title='bbox 2292 1218 2494 1281; x_wconf 78' lang='lat' dir='ltr'>prae·</span> 
     </span>
     <span class='ocr_line' id='line_1_8' title="bbox 391 1299 2491 1385; baseline 0 -25"><span class='ocrx_word' id='word_1_48' title='bbox 391 1299 659 1384; x_wconf 70' lang='lat' dir='ltr'>scripsit</span> <span class='ocrx_word' id='word_1_49' title='bbox 690 1305 948 1383; x_wconf 83' lang='lat' dir='ltr'><em>pagina</em></span> <span class='ocrx_word' id='word_1_50' title='bbox 985 1325 1249 1371; x_wconf 77' lang='lat' dir='ltr'>nomen.</span> <span class='ocrx_word' id='word_1_51' title='bbox 1332 1307 1460 1366; x_wconf 89' lang='lat' dir='ltr'>Ecl.</span> <span class='ocrx_word' id='word_1_52' title='bbox 1490 1306 1606 1380; x_wconf 83' lang='lat' dir='ltr'>lx,</span> <span class='ocrx_word' id='word_1_53' title='bbox 1642 1323 1718 1385; x_wconf 76' lang='lat'>27</span> <span class='ocrx_word' id='word_1_54' title='bbox 1786 1305 1990 1377; x_wconf 83' lang='lat' dir='ltr'>Vare,</span> <span class='ocrx_word' id='word_1_55' title='bbox 2039 1318 2220 1362; x_wconf 81' lang='lat' dir='ltr'><em>tuum</em></span> <span class='ocrx_word' id='word_1_56' title='bbox 2248 1322 2491 1362; x_wconf 75' lang='lat' dir='ltr'>nomen</span> 
     </span>
     <span class='ocr_line' id='line_1_9' title="bbox 409 1404 2490 1488; baseline -0.002 -19"><span class='ocrx_word' id='word_1_57' title='bbox 409 1439 499 1456; x_wconf 90' lang='lat'>·-</span> <span class='ocrx_word' id='word_1_58' title='bbox 555 1409 917 1469; x_wconf 74' lang='lat' dir='ltr'><em>Cantantes</em></span> <span class='ocrx_word' id='word_1_59' title='bbox 951 1406 1245 1486; x_wconf 78' lang='lat' dir='ltr'>sublime</span> <span class='ocrx_word' id='word_1_60' title='bbox 1286 1410 1517 1486; x_wconf 76' lang='lat' dir='ltr'>ferent</span> <span class='ocrx_word' id='word_1_61' title='bbox 1571 1406 1669 1467; x_wconf 80' lang='lat' dir='ltr'>ad</span> <span class='ocrx_word' id='word_1_62' title='bbox 1695 1404 1928 1484; x_wconf 75' lang='lat' dir='ltr'>fidet-a</span> <span class='ocrx_word' id='word_1_63' title='bbox 1983 1407 2186 1488; x_wconf 71' lang='lat' dir='ltr'>cycni.</span> <span class='ocrx_word' id='word_1_64' title='bbox 2303 1406 2490 1486; x_wconf 79' lang='lat' dir='ltr'>Quae</span> 
     </span>
     <span class='ocr_line' id='line_1_10' title="bbox 412 1507 2491 1595; baseline -0.001 -23"><span class='ocrx_word' id='word_1_65' title='bbox 412 1532 487 1572; x_wconf 86' lang='lat' dir='ltr'>ex</span> <span class='ocrx_word' id='word_1_66' title='bbox 522 1509 614 1572; x_wconf 73' lang='lat' dir='ltr'>his</span> <span class='ocrx_word' id='word_1_67' title='bbox 650 1509 729 1571; x_wconf 84' lang='lat' dir='ltr'>de</span> <span class='ocrx_word' id='word_1_68' title='bbox 749 1511 954 1584; x_wconf 85' lang='lat' dir='ltr'>Varo,</span> <span class='ocrx_word' id='word_1_69' title='bbox 994 1515 1092 1571; x_wconf 83' lang='lat' dir='ltr'>cui</span> <span class='ocrx_word' id='word_1_70' title='bbox 1120 1510 1350 1595; x_wconf 83' lang='lat' dir='ltr'>Ecloga</span> <span class='ocrx_word' id='word_1_71' title='bbox 1381 1512 1666 1593; x_wconf 80' lang='lat' dir='ltr'>inscripta</span> <span class='ocrx_word' id='word_1_72' title='bbox 1696 1507 1803 1583; x_wconf 78' lang='lat' dir='ltr'>est,</span> <span class='ocrx_word' id='word_1_73' title='bbox 1846 1508 1890 1570; x_wconf 82' lang='lat' dir='ltr'>ss</span> <span class='ocrx_word' id='word_1_74' title='bbox 1916 1510 2109 1570; x_wconf 84' lang='lat' dir='ltr'>modo</span> <span class='ocrx_word' id='word_1_75' title='bbox 2136 1513 2202 1569; x_wconf 77' lang='lat' dir='ltr'>in</span> <span class='ocrx_word' id='word_1_76' title='bbox 2231 1523 2491 1590; x_wconf 79' lang='lat' dir='ltr'>vtraque</span> 
     </span>
     <span class='ocr_line' id='line_1_11' title="bbox 407 1607 2486 1697; baseline -0.001 -23"><span class='ocrx_word' id='word_1_77' title='bbox 407 1613 639 1697; x_wconf 83' lang='lat' dir='ltr'>Ecloga</span> <span class='ocrx_word' id='word_1_78' title='bbox 673 1614 752 1674; x_wconf 89' lang='lat' dir='ltr'>de</span> <span class='ocrx_word' id='word_1_79' title='bbox 786 1613 1008 1675; x_wconf 81' lang='lat' dir='ltr'>eodem</span> <span class='ocrx_word' id='word_1_80' title='bbox 1035 1613 1203 1676; x_wconf 78' lang='lat' dir='ltr'>Varo</span> <span class='ocrx_word' id='word_1_81' title='bbox 1234 1618 1435 1697; x_wconf 81' lang='lat' dir='ltr'>agitur</span> <span class='ocrx_word' id='word_1_82' title='bbox 1446 1657 1468 1688; x_wconf 89' lang='lat'>,</span> <span class='ocrx_word' id='word_1_83' title='bbox 1512 1613 1718 1696; x_wconf 78' lang='lat' dir='ltr'>colligi</span> <span class='ocrx_word' id='word_1_84' title='bbox 1758 1608 2007 1694; x_wconf 76' lang='lat' dir='ltr'>possunt</span> <span class='ocrx_word' id='word_1_85' title='bbox 2025 1655 2044 1684; x_wconf 92' lang='lat'>,</span> <span class='ocrx_word' id='word_1_86' title='bbox 2119 1607 2275 1671; x_wconf 88' lang='lat' dir='ltr'>haec</span> <span class='ocrx_word' id='word_1_87' title='bbox 2317 1611 2486 1672; x_wconf 85' lang='lat' dir='ltr'>sunt:</span> 
     </span>
     <span class='ocr_line' id='line_1_12' title="bbox 407 1699 2490 1797; baseline -0.003 -19"><span class='ocrx_word' id='word_1_88' title='bbox 407 1715 583 1778; x_wconf 74' lang='lat' dir='ltr'>fuiss‘e</span> <span class='ocrx_word' id='word_1_89' title='bbox 612 1715 932 1776; x_wconf 81' lang='lat' dir='ltr'>hominem</span> <span class='ocrx_word' id='word_1_90' title='bbox 966 1716 1214 1778; x_wconf 84' lang='lat' dir='ltr'>Maroni</span> <span class='ocrx_word' id='word_1_91' title='bbox 1260 1699 1719 1794; x_wconf 64' lang='lat' dir='ltr'>arniciffimum3</span> <span class='ocrx_word' id='word_1_92' title='bbox 1777 1711 1962 1774; x_wconf 68' lang='lat' dir='ltr'>Musis</span> <span class='ocrx_word' id='word_1_93' title='bbox 2007 1727 2245 1797; x_wconf 76' lang='lat' dir='ltr'>gratum</span> <span class='ocrx_word' id='word_1_94' title='bbox 2289 1728 2352 1773; x_wconf 82' lang='lat' dir='ltr'>et</span> <span class='ocrx_word' id='word_1_95' title='bbox 2394 1718 2490 1773; x_wconf 88' lang='lat' dir='ltr'>iu·</span> 
     </span>
     <span class='ocr_line' id='line_1_13' title="bbox 408 1813 2489 1899; baseline -0.002 -19"><span class='ocrx_word' id='word_1_96' title='bbox 408 1818 681 1880; x_wconf 83' lang='lat' dir='ltr'>cundum</span> <span class='ocrx_word' id='word_1_97' title='bbox 712 1838 982 1890; x_wconf 74' lang='lat' dir='ltr'>nomen:</span> <span class='ocrx_word' id='word_1_98' title='bbox 1024 1841 1166 1881; x_wconf 83' lang='lat' dir='ltr'>eum</span> <span class='ocrx_word' id='word_1_99' title='bbox 1196 1819 1380 1880; x_wconf 77' lang='lat' dir='ltr'>rebus</span> <span class='ocrx_word' id='word_1_100' title='bbox 1410 1818 1645 1880; x_wconf 72' lang='lat' dir='ltr'>bellicis</span> <span class='ocrx_word' id='word_1_101' title='bbox 1674 1818 1904 1879; x_wconf 81' lang='lat' dir='ltr'>clarum</span> <span class='ocrx_word' id='word_1_102' title='bbox 1934 1814 2108 1877; x_wconf 79' lang='lat' dir='ltr'>suiffe</span> <span class='ocrx_word' id='word_1_103' title='bbox 2148 1817 2250 1899; x_wconf 77' lang='lat' dir='ltr'>(ee</span> <span class='ocrx_word' id='word_1_104' title='bbox 2274 1813 2489 1883; x_wconf 71' lang='lat' dir='ltr'>tristia</span> 
     </span>
     <span class='ocr_line' id='line_1_14' title="bbox 407 1915 2491 2006; baseline -0.001 -24"><span class='ocrx_word' id='word_1_105' title='bbox 407 1918 693 1982; x_wconf 77' lang='lat' dir='ltr'>condere</span> <span class='ocrx_word' id='word_1_106' title='bbox 736 1921 974 2006; x_wconf 81' lang='lat' dir='ltr'>bella),</span> <span class='ocrx_word' id='word_1_107' title='bbox 1012 1927 1292 2003; x_wconf 79' lang='lat' dir='ltr'>promitti</span> <span class='ocrx_word' id='word_1_108' title='bbox 1323 1925 1380 1983; x_wconf 85' lang='lat' dir='ltr'>ei</span> <span class='ocrx_word' id='word_1_109' title='bbox 1406 1925 1676 1983; x_wconf 74' lang='lat' dir='ltr'>nominis</span> <span class='ocrx_word' id='word_1_110' title='bbox 1710 1921 2271 1989; x_wconf 71' lang='lat' dir='ltr'>immortalitatem:</span> <span class='ocrx_word' id='word_1_111' title='bbox 2312 1915 2491 1980; x_wconf 68' lang='lat' dir='ltr'>fuisse</span> 
     </span>
     <span class='ocr_line' id='line_1_15' title="bbox 406 2023 2491 2112; baseline -0.001 -26"><span class='ocrx_word' id='word_1_112' title='bbox 406 2046 660 2112; x_wconf 81' lang='lat' dir='ltr'>quoque</span> <span class='ocrx_word' id='word_1_113' title='bbox 688 2025 957 2108; x_wconf 82' lang='lat' dir='ltr'>aliquam</span> <span class='ocrx_word' id='word_1_114' title='bbox 986 2030 1117 2086; x_wconf 73' lang='lat' dir='ltr'>eius</span> <span class='ocrx_word' id='word_1_115' title='bbox 1149 2030 1405 2109; x_wconf 79' lang='lat' dir='ltr'>gratiam</span> <span class='ocrx_word' id='word_1_116' title='bbox 1448 2045 1519 2085; x_wconf 84' lang='lat' dir='ltr'>ac</span> <span class='ocrx_word' id='word_1_117' title='bbox 1561 2026 1851 2086; x_wconf 77' lang='lat' dir='ltr'>meritum</span> <span class='ocrx_word' id='word_1_118' title='bbox 1894 2023 2062 2106; x_wconf 82' lang='lat' dir='ltr'>apud</span> <span class='ocrx_word' id='word_1_119' title='bbox 2088 2023 2491 2110; x_wconf 73' lang='lat' dir='ltr'><strong>Mantuanos,</strong></span> 
     </span>
     <span class='ocr_line' id='line_1_16' title="bbox 403 2127 2490 2190; baseline -0 -1"><span class='ocrx_word' id='word_1_120' title='bbox 403 2132 472 2189; x_wconf 83' lang='lat' dir='ltr'>in</span> <span class='ocrx_word' id='word_1_121' title='bbox 510 2128 892 2189; x_wconf 68' lang='lat' dir='ltr'>vindicandis</span> <span class='ocrx_word' id='word_1_122' title='bbox 932 2131 1004 2189; x_wconf 74' lang='lat' dir='ltr'>iia</span> <span class='ocrx_word' id='word_1_123' title='bbox 1046 2148 1081 2188; x_wconf 80' lang='lat' dir='ltr'>a</span> <span class='ocrx_word' id='word_1_124' title='bbox 1128 2144 1564 2190; x_wconf 83' lang='lat' dir='ltr'>veteranorum</span> <span class='ocrx_word' id='word_1_125' title='bbox 1608 2130 1861 2188; x_wconf 78' lang='lat' dir='ltr'>iniuriis.</span> <span class='ocrx_word' id='word_1_126' title='bbox 1963 2127 2099 2187; x_wconf 88' lang='lat' dir='ltr'>Nec</span> <span class='ocrx_word' id='word_1_127' title='bbox 2143 2141 2351 2188; x_wconf 84' lang='lat' dir='ltr'>tamen</span> <span class='ocrx_word' id='word_1_128' title='bbox 2381 2127 2490 2188; x_wconf 78' lang='lat' dir='ltr'>illa</span> 
     </span>
     <span class='ocr_line' id='line_1_17' title="bbox 405 2228 2489 2313; baseline -0 -21"><span class='ocrx_word' id='word_1_129' title='bbox 405 2228 713 2292; x_wconf 85' lang='lat' dir='ltr'>sufficiunt</span> <span class='ocrx_word' id='word_1_130' title='bbox 747 2231 827 2291; x_wconf 83' lang='lat' dir='ltr'>ad</span> <span class='ocrx_word' id='word_1_131' title='bbox 871 2230 1341 2304; x_wconf 83' lang='lat' dir='ltr'>declarandum,</span> <span class='ocrx_word' id='word_1_132' title='bbox 1383 2233 1664 2313; x_wconf 73' lang='lat' dir='ltr'>quisnam</span> <span class='ocrx_word' id='word_1_133' title='bbox 1694 2232 1798 2291; x_wconf 88' lang='lat' dir='ltr'>ille</span> <span class='ocrx_word' id='word_1_134' title='bbox 1828 2229 2027 2291; x_wconf 81' lang='lat' dir='ltr'>Varus</span> <span class='ocrx_word' id='word_1_135' title='bbox 2059 2229 2273 2300; x_wconf 78' lang='lat' dir='ltr'>fuerit:</span> <span class='ocrx_word' id='word_1_136' title='bbox 2346 2251 2489 2291; x_wconf 85' lang='lat' dir='ltr'>cum</span> 
     </span>
     <span class='ocr_line' id='line_1_18' title="bbox 410 2333 2484 2417; baseline 0.001 -24"><span class='ocrx_word' id='word_1_137' title='bbox 410 2347 507 2394; x_wconf 80' lang='lat' dir='ltr'>tot</span> <span class='ocrx_word' id='word_1_138' title='bbox 549 2338 856 2417; x_wconf 85' lang='lat' dir='ltr'>gentium,</span> <span class='ocrx_word' id='word_1_139' title='bbox 911 2348 977 2393; x_wconf 81' lang='lat' dir='ltr'>vt</span> <span class='ocrx_word' id='word_1_140' title='bbox 1007 2334 1412 2415; x_wconf 79' lang='lat' dir='ltr'>Quinctiliae,</span> <span class='ocrx_word' id='word_1_141' title='bbox 1481 2333 1855 2416; x_wconf 77' lang='lat' dir='ltr'>Pompeiae,</span> <span class='ocrx_word' id='word_1_142' title='bbox 1927 2335 2136 2406; x_wconf 82' lang='lat' dir='ltr'>Atiae,</span> <span class='ocrx_word' id='word_1_143' title='bbox 2189 2334 2484 2408; x_wconf 78' lang='lat' dir='ltr'>Liciniae,</span> 
     </span>
     <span class='ocr_line' id='line_1_19' title="bbox 412 2433 2489 2519; baseline 0.002 -24"><span class='ocrx_word' id='word_1_144' title='bbox 412 2454 764 2519; x_wconf 82' lang='lat' dir='ltr'>cognomen</span> <span class='ocrx_word' id='word_1_145' title='bbox 806 2437 956 2496; x_wconf 85' lang='lat' dir='ltr'>illud</span> <span class='ocrx_word' id='word_1_146' title='bbox 1000 2436 1220 2510; x_wconf 77' lang='lat' dir='ltr'>suerit,</span> <span class='ocrx_word' id='word_1_147' title='bbox 1280 2456 1399 2498; x_wconf 87' lang='lat' dir='ltr'>nec</span> <span class='ocrx_word' id='word_1_148' title='bbox 1447 2436 1564 2497; x_wconf 84' lang='lat' dir='ltr'>alia</span> <span class='ocrx_word' id='word_1_149' title='bbox 1607 2442 1673 2497; x_wconf 75' lang='lat' dir='ltr'>ln</span> <span class='ocrx_word' id='word_1_150' title='bbox 1703 2435 2091 2518; x_wconf 77' lang='lat' dir='ltr'>scriptoribus</span> <span class='ocrx_word' id='word_1_151' title='bbox 2120 2433 2270 2496; x_wconf 80' lang='lat' dir='ltr'>Vari</span> <span class='ocrx_word' id='word_1_152' title='bbox 2308 2437 2489 2500; x_wconf 69' lang='lat' dir='ltr'>huius</span> 
     </span>
     <span class='ocr_line' id='line_1_20' title="bbox 408 2538 2485 2623; baseline 0.003 -25"><span class='ocrx_word' id='word_1_153' title='bbox 408 2543 708 2601; x_wconf 81' lang='lat' dir='ltr'>memoria</span> <span class='ocrx_word' id='word_1_154' title='bbox 751 2538 887 2600; x_wconf 72' lang='lat' dir='ltr'>satia</span> <span class='ocrx_word' id='word_1_155' title='bbox 922 2538 1160 2623; x_wconf 86' lang='lat' dir='ltr'>liquido</span> <span class='ocrx_word' id='word_1_156' title='bbox 1192 2541 1437 2622; x_wconf 80' lang='lat' dir='ltr'>prodita</span> <span class='ocrx_word' id='word_1_157' title='bbox 1468 2538 1560 2602; x_wconf 82' lang='lat' dir='ltr'>sit.</span> <span class='ocrx_word' id='word_1_158' title='bbox 1650 2541 2048 2601; x_wconf 82' lang='lat' dir='ltr'>Grammatici</span> <span class='ocrx_word' id='word_1_159' title='bbox 2091 2561 2242 2602; x_wconf 85' lang='lat' dir='ltr'>vero</span> <span class='ocrx_word' id='word_1_160' title='bbox 2283 2543 2485 2605; x_wconf 86' lang='lat' dir='ltr'>multo</span> 
     </span>
     <span class='ocr_line' id='line_1_21' title="bbox 408 2641 2488 2726; baseline 0.001 -21"><span class='ocrx_word' id='word_1_161' title='bbox 408 2647 602 2726; x_wconf 77' lang='lat' dir='ltr'>magis</span> <span class='ocrx_word' id='word_1_162' title='bbox 639 2641 885 2702; x_wconf 83' lang='lat' dir='ltr'>turbant</span> <span class='ocrx_word' id='word_1_163' title='bbox 923 2641 1443 2724; x_wconf 73' lang='lat' dir='ltr'>disputationem,</span> <span class='ocrx_word' id='word_1_164' title='bbox 1487 2664 1628 2704; x_wconf 75' lang='lat' dir='ltr'>curn</span> <span class='ocrx_word' id='word_1_165' title='bbox 1667 2663 1798 2705; x_wconf 89' lang='lat' dir='ltr'>non</span> <span class='ocrx_word' id='word_1_166' title='bbox 1830 2644 2021 2703; x_wconf 86' lang='lat' dir='ltr'>modo</span> <span class='ocrx_word' id='word_1_167' title='bbox 2056 2643 2264 2724; x_wconf 69' lang='lat' dir='ltr'>plnres</span> <span class='ocrx_word' id='word_1_168' title='bbox 2289 2645 2488 2708; x_wconf 72' lang='lat' dir='ltr'>Varoc</span> 
     </span>
     <span class='ocr_line' id='line_1_22' title="bbox 409 2744 2488 2818; baseline 0.002 -14"><span class='ocrx_word' id='word_1_169' title='bbox 409 2744 823 2818; x_wconf 72' lang='lat' dir='ltr'>confundant,</span> <span class='ocrx_word' id='word_1_170' title='bbox 863 2765 1074 2805; x_wconf 85' lang='lat' dir='ltr'>verum</span> <span class='ocrx_word' id='word_1_171' title='bbox 1107 2762 1169 2807; x_wconf 84' lang='lat' dir='ltr'>et</span> <span class='ocrx_word' id='word_1_172' title='bbox 1202 2746 1484 2808; x_wconf 83' lang='lat' dir='ltr'>Varium</span> <span class='ocrx_word' id='word_1_173' title='bbox 1518 2768 1656 2808; x_wconf 85' lang='lat' dir='ltr'>curn</span> <span class='ocrx_word' id='word_1_174' title='bbox 1688 2745 1875 2807; x_wconf 84' lang='lat' dir='ltr'>Varo</span> <span class='ocrx_word' id='word_1_175' title='bbox 1905 2745 2212 2806; x_wconf 81' lang='lat' dir='ltr'>misceant.</span> <span class='ocrx_word' id='word_1_176' title='bbox 2271 2747 2488 2808; x_wconf 65' lang='lat' dir='ltr'>Franci</span> 
     </span>
     <span class='ocr_line' id='line_1_23' title="bbox 405 2845 2490 2932; baseline 0 -22"><span class='ocrx_word' id='word_1_177' title='bbox 405 2846 631 2910; x_wconf 79' lang='lat' dir='ltr'>Arifius</span> <span class='ocrx_word' id='word_1_178' title='bbox 672 2852 738 2907; x_wconf 90' lang='lat' dir='ltr'>in</span> <span class='ocrx_word' id='word_1_179' title='bbox 772 2847 1082 2911; x_wconf 81' lang='lat' dir='ltr'>Cremona</span> <span class='ocrx_word' id='word_1_180' title='bbox 1113 2850 1377 2912; x_wconf 82' lang='lat' dir='ltr'>litterata</span> <span class='ocrx_word' id='word_1_181' title='bbox 1406 2851 1482 2910; x_wconf 91' lang='lat' dir='ltr'>T.</span> <span class='ocrx_word' id='word_1_182' title='bbox 1513 2850 1565 2926; x_wconf 91' lang='lat'>1,</span> <span class='ocrx_word' id='word_1_183' title='bbox 1598 2872 1663 2931; x_wconf 88' lang='lat' dir='ltr'>p.</span> <span class='ocrx_word' id='word_1_184' title='bbox 1697 2870 1774 2927; x_wconf 82' lang='lat'>27</span> <span class='ocrx_word' id='word_1_185' title='bbox 1806 2848 1911 2932; x_wconf 69' lang='lat' dir='ltr'>sq„</span> <span class='ocrx_word' id='word_1_186' title='bbox 1954 2869 1987 2907; x_wconf 91' lang='lat' dir='ltr'>a</span> <span class='ocrx_word' id='word_1_187' title='bbox 2031 2868 2157 2931; x_wconf 84' lang='lat' dir='ltr'>quo</span> <span class='ocrx_word' id='word_1_188' title='bbox 2200 2845 2355 2909; x_wconf 87' lang='lat' dir='ltr'>haec</span> <span class='ocrx_word' id='word_1_189' title='bbox 2400 2849 2490 2911; x_wconf 87' lang='lat' dir='ltr'>se·</span> 
     </span>
     <span class='ocr_line' id='line_1_24' title="bbox 409 2950 2492 3036; baseline 0 -24"><span class='ocrx_word' id='word_1_190' title='bbox 409 2956 613 3013; x_wconf 70' lang='lat' dir='ltr'>verius</span> <span class='ocrx_word' id='word_1_191' title='bbox 654 2966 910 3012; x_wconf 73' lang='lat' dir='ltr'>metata</span> <span class='ocrx_word' id='word_1_192' title='bbox 951 2952 1384 3035; x_wconf 78' lang='lat' dir='ltr'>expectabam,</span> <span class='ocrx_word' id='word_1_193' title='bbox 1459 2969 1523 3015; x_wconf 83' lang='lat' dir='ltr'>et</span> <span class='ocrx_word' id='word_1_194' title='bbox 1569 2951 1694 3036; x_wconf 86' lang='lat' dir='ltr'>ipse</span> <span class='ocrx_word' id='word_1_195' title='bbox 1741 2951 2008 3013; x_wconf 82' lang='lat' dir='ltr'>diuersos</span> <span class='ocrx_word' id='word_1_196' title='bbox 2049 2950 2332 3032; x_wconf 65' lang='lat' dir='ltr'>homineq</span> <span class='ocrx_word' id='word_1_197' title='bbox 2375 2956 2492 3012; x_wconf 86' lang='lat' dir='ltr'>mi·</span> 
     </span>
     <span class='ocr_line' id='line_1_25' title="bbox 409 3051 2490 3139; baseline 0 -24"><span class='ocrx_word' id='word_1_198' title='bbox 409 3053 591 3124; x_wconf 79' lang='lat' dir='ltr'>scuit:</span> <span class='ocrx_word' id='word_1_199' title='bbox 629 3052 1033 3136; x_wconf 70' lang='lat' dir='ltr'>reprehensus</span> <span class='ocrx_word' id='word_1_200' title='bbox 1060 3060 1183 3116; x_wconf 80' lang='lat' dir='ltr'>iarn</span> <span class='ocrx_word' id='word_1_201' title='bbox 1207 3055 1333 3118; x_wconf 81' lang='lat' dir='ltr'>hoc</span> <span class='ocrx_word' id='word_1_202' title='bbox 1368 3062 1625 3119; x_wconf 85' lang='lat' dir='ltr'>nomine</span> <span class='ocrx_word' id='word_1_203' title='bbox 1658 3078 1692 3117; x_wconf 80' lang='lat' dir='ltr'>a</span> <span class='ocrx_word' id='word_1_204' title='bbox 1721 3056 2009 3139; x_wconf 85' lang='lat' dir='ltr'>populari</span> <span class='ocrx_word' id='word_1_205' title='bbox 2043 3057 2132 3131; x_wconf 86' lang='lat' dir='ltr'>(in</span> <span class='ocrx_word' id='word_1_206' title='bbox 2166 3051 2490 3115; x_wconf 75' lang='lat' dir='ltr'>Giornalo</span> 
     </span>
     <span class='ocr_line' id='line_1_26' title="bbox 410 3154 2490 3242; baseline 0.002 -27"><span class='ocrx_word' id='word_1_207' title='bbox 410 3154 515 3215; x_wconf 66' lang='grc' dir='ltr'>ἅθ’</span> <span class='ocrx_word' id='word_1_208' title='bbox 554 3157 883 3217; x_wconf 65' lang='grc' dir='ltr'>ἱσιιεναει·</span> <span class='ocrx_word' id='word_1_209' title='bbox 923 3156 995 3217; x_wconf 80' lang='lat' dir='ltr'>d·</span> <span class='ocrx_word' id='word_1_210' title='bbox 1038 3160 1242 3219; x_wconf 80' lang='lat' dir='ltr'>Italia</span> <span class='ocrx_word' id='word_1_211' title='bbox 1286 3160 1406 3220; x_wconf 88' lang='lat' dir='ltr'>To.</span> <span class='ocrx_word' id='word_1_212' title='bbox 1439 3161 1524 3235; x_wconf 84' lang='lat' dir='ltr'>X,</span> <span class='ocrx_word' id='word_1_213' title='bbox 1575 3182 1638 3242; x_wconf 88' lang='lat' dir='ltr'>p.</span> <span class='ocrx_word' id='word_1_214' title='bbox 1666 3164 1789 3238; x_wconf 76' lang='lat'>264</span> <span class='ocrx_word' id='word_1_215' title='bbox 1826 3159 1997 3241; x_wconf 88' lang='lat' dir='ltr'>sqq.).</span> <span class='ocrx_word' id='word_1_216' title='bbox 2086 3158 2363 3239; x_wconf 85' lang='lat' dir='ltr'>Dignum</span> <span class='ocrx_word' id='word_1_217' title='bbox 2398 3174 2490 3219; x_wconf 82' lang='lat' dir='ltr'>ta-</span> 
     </span>
     <span class='ocr_line' id='line_1_27' title="bbox 407 3258 2485 3335; baseline 0.002 -16"><span class='ocrx_word' id='word_1_218' title='bbox 407 3279 556 3320; x_wconf 84' lang='lat' dir='ltr'>men</span> <span class='ocrx_word' id='word_1_219' title='bbox 586 3280 825 3321; x_wconf 87' lang='lat' dir='ltr'>nomen</span> <span class='ocrx_word' id='word_1_220' title='bbox 862 3258 1129 3323; x_wconf 73' lang='lat' dir='ltr'>hominis</span> <span class='ocrx_word' id='word_1_221' title='bbox 1163 3284 1199 3323; x_wconf 78' lang='lat' dir='ltr'>a</span> <span class='ocrx_word' id='word_1_222' title='bbox 1228 3263 1492 3325; x_wconf 80' lang='lat' dir='ltr'>Marone</span> <span class='ocrx_word' id='word_1_223' title='bbox 1539 3278 1663 3323; x_wconf 82' lang='lat' dir='ltr'>tam</span> <span class='ocrx_word' id='word_1_224' title='bbox 1709 3260 1970 3323; x_wconf 83' lang='lat' dir='ltr'>studiose</span> <span class='ocrx_word' id='word_1_225' title='bbox 2014 3261 2340 3335; x_wconf 81' lang='lat' dir='ltr'>celebrati,</span> <span class='ocrx_word' id='word_1_226' title='bbox 2417 3276 2485 3323; x_wconf 86' lang='lat' dir='ltr'>vt</span> 
     </span>
     <span class='ocr_line' id='line_1_28' title="bbox 406 3346 2487 3447; baseline 0.001 -24"><span class='ocrx_word' id='word_1_227' title='bbox 406 3369 619 3445; x_wconf 70' lang='lat' dir='ltr'>paucis</span> <span class='ocrx_word' id='word_1_228' title='bbox 659 3363 740 3424; x_wconf 82' lang='lat' dir='ltr'>de</span> <span class='ocrx_word' id='word_1_229' title='bbox 779 3383 860 3424; x_wconf 84' lang='lat' dir='ltr'>eo</span> <span class='ocrx_word' id='word_1_230' title='bbox 905 3380 1135 3447; x_wconf 83' lang='lat' dir='ltr'>agatur.</span> <span class='ocrx_word' id='word_1_231' title='bbox 1220 3365 1440 3428; x_wconf 86' lang='lat' dir='ltr'>Nescio</span> <span class='ocrx_word' id='word_1_232' title='bbox 1486 3370 1689 3438; x_wconf 87' lang='lat' dir='ltr'>enim,</span> <span class='ocrx_word' id='word_1_233' title='bbox 1750 3363 2071 3447; x_wconf 84' lang='lat' dir='ltr'>quomodo</span> <span class='ocrx_word' id='word_1_234' title='bbox 2113 3346 2363 3437; x_wconf 77' lang='lat' dir='ltr'>accidit,</span> <span class='ocrx_word' id='word_1_235' title='bbox 2419 3380 2487 3426; x_wconf 74' lang='lat' dir='ltr'>vt</span> 
     </span>
     <span class='ocr_line' id='line_1_29' title="bbox 406 3463 2487 3552; baseline 0 -25"><span class='ocrx_word' id='word_1_236' title='bbox 406 3464 528 3527; x_wconf 77' lang='lat' dir='ltr'>istis</span> <span class='ocrx_word' id='word_1_237' title='bbox 582 3464 885 3527; x_wconf 74' lang='lat' dir='ltr'>aetatibus</span> <span class='ocrx_word' id='word_1_238' title='bbox 903 3508 925 3541; x_wconf 90' lang='lat'>,</span> <span class='ocrx_word' id='word_1_239' title='bbox 1003 3466 1226 3550; x_wconf 74' lang='lat' dir='ltr'>quibus</span> <span class='ocrx_word' id='word_1_240' title='bbox 1277 3487 1502 3552; x_wconf 82' lang='lat' dir='ltr'>magna</span> <span class='ocrx_word' id='word_1_241' title='bbox 1565 3489 1774 3528; x_wconf 85' lang='lat' dir='ltr'>rerum</span> <span class='ocrx_word' id='word_1_242' title='bbox 1833 3463 2096 3527; x_wconf 86' lang='lat' dir='ltr'>inuerfio</span> <span class='ocrx_word' id='word_1_243' title='bbox 2159 3467 2317 3527; x_wconf 81' lang='lat' dir='ltr'>sacta</span> <span class='ocrx_word' id='word_1_244' title='bbox 2379 3464 2487 3546; x_wconf 83' lang='lat' dir='ltr'>est,</span> 
     </span>
     <span class='ocr_line' id='line_1_30' title="bbox 405 3567 2485 3654; baseline 0.002 -26"><span class='ocrx_word' id='word_1_245' title='bbox 405 3572 744 3652; x_wconf 76' lang='lat' dir='ltr'>magnique</span> <span class='ocrx_word' id='word_1_246' title='bbox 793 3572 943 3642; x_wconf 85' lang='lat' dir='ltr'>viri,</span> <span class='ocrx_word' id='word_1_247' title='bbox 1007 3584 1072 3631; x_wconf 84' lang='lat' dir='ltr'>et</span> <span class='ocrx_word' id='word_1_248' title='bbox 1112 3569 1294 3631; x_wconf 76' lang='lat' dir='ltr'>rebus</span> <span class='ocrx_word' id='word_1_249' title='bbox 1336 3567 1511 3654; x_wconf 77' lang='lat' dir='ltr'>gestis</span> <span class='ocrx_word' id='word_1_250' title='bbox 1555 3585 1617 3631; x_wconf 85' lang='lat' dir='ltr'>et</span> <span class='ocrx_word' id='word_1_251' title='bbox 1658 3573 1915 3653; x_wconf 86' lang='lat' dir='ltr'>ingenio</span> <span class='ocrx_word' id='word_1_252' title='bbox 1957 3569 2136 3637; x_wconf 84' lang='lat' dir='ltr'>clari,</span> <span class='ocrx_word' id='word_1_253' title='bbox 2192 3568 2485 3644; x_wconf 80' lang='lat' dir='ltr'>floruere,</span> 
     </span>
     <span class='ocr_line' id='line_1_31' title="bbox 407 3668 2487 3757; baseline 0.003 -28"><span class='ocrx_word' id='word_1_254' title='bbox 407 3671 645 3730; x_wconf 86' lang='lat' dir='ltr'>nullum</span> <span class='ocrx_word' id='word_1_255' title='bbox 674 3683 910 3732; x_wconf 83' lang='lat' dir='ltr'>no&#39;rnen</span> <span class='ocrx_word' id='word_1_256' title='bbox 941 3668 1034 3747; x_wconf 84' lang='lat' dir='ltr'>fit,</span> <span class='ocrx_word' id='word_1_257' title='bbox 1090 3674 1262 3757; x_wconf 87' lang='lat' dir='ltr'>quod</span> <span class='ocrx_word' id='word_1_258' title='bbox 1305 3693 1438 3734; x_wconf 83' lang='lat' dir='ltr'>non</span> <span class='ocrx_word' id='word_1_259' title='bbox 1481 3678 1757 3735; x_wconf 83' lang='lat' dir='ltr'>animum</span> <span class='ocrx_word' id='word_1_260' title='bbox 1799 3671 2076 3754; x_wconf 87' lang='lat' dir='ltr'>impellat</span> <span class='ocrx_word' id='word_1_261' title='bbox 2120 3688 2182 3733; x_wconf 87' lang='lat' dir='ltr'>et</span> <span class='ocrx_word' id='word_1_262' title='bbox 2221 3669 2487 3736; x_wconf 82' lang='lat' dir='ltr'>studium</span> 
     </span>
     <span class='ocr_line' id='line_1_32' title="bbox 409 3768 2485 3857; baseline 0.003 -26"><span class='ocrx_word' id='word_1_263' title='bbox 409 3768 684 3832; x_wconf 76' lang='lat' dir='ltr'>nostrum</span> <span class='ocrx_word' id='word_1_264' title='bbox 722 3776 791 3832; x_wconf 87' lang='lat' dir='ltr'>in</span> <span class='ocrx_word' id='word_1_265' title='bbox 833 3770 892 3834; x_wconf 86' lang='lat' dir='ltr'>se</span> <span class='ocrx_word' id='word_1_266' title='bbox 935 3791 1273 3837; x_wconf 84' lang='lat' dir='ltr'>conuertat.</span> <span class='ocrx_word' id='word_1_267' title='bbox 1356 3776 1520 3835; x_wconf 87' lang='lat' dir='ltr'>Tum</span> <span class='ocrx_word' id='word_1_268' title='bbox 1566 3796 1747 3847; x_wconf 86' lang='lat' dir='ltr'>vero,</span> <span class='ocrx_word' id='word_1_269' title='bbox 1807 3772 1850 3835; x_wconf 84' lang='lat' dir='ltr'><strong>fi</strong></span> <span class='ocrx_word' id='word_1_270' title='bbox 1889 3777 2094 3857; x_wconf 86' lang='lat' dir='ltr'>magni</span> <span class='ocrx_word' id='word_1_271' title='bbox 2134 3777 2246 3834; x_wconf 85' lang='lat' dir='ltr'>viri</span> <span class='ocrx_word' id='word_1_272' title='bbox 2286 3772 2485 3839; x_wconf 81' lang='lat' dir='ltr'>studio</span> 
     </span>
    </p>
   </div>
   <div class='ocr_carea' id='block_1_4' title="bbox 411 3872 2489 4058">
    <p class='ocr_par' dir='ltr' id='par_1_4' title="bbox 411 3872 2489 4058">
     <span class='ocr_line' id='line_1_33' title="bbox 411 3872 2489 3963; baseline 0.005 -31"><span class='ocrx_word' id='word_1_273' title='bbox 411 3872 594 3935; x_wconf 81' lang='lat' dir='ltr'>semel</span> <span class='ocrx_word' id='word_1_274' title='bbox 674 3890 997 3955; x_wconf 85' lang='lat' dir='ltr'>tenemur,</span> <span class='ocrx_word' id='word_1_275' title='bbox 1094 3883 1280 3941; x_wconf 77' lang='lat' dir='ltr'>etiam</span> <span class='ocrx_word' id='word_1_276' title='bbox 1365 3882 1594 3940; x_wconf 72' lang='lat' dir='ltr'>amicos</span> <span class='ocrx_word' id='word_1_277' title='bbox 1668 3883 1798 3940; x_wconf 78' lang='lat' dir='ltr'>eius</span> <span class='ocrx_word' id='word_1_278' title='bbox 1865 3876 2235 3963; x_wconf 80' lang='lat' dir='ltr'>cognoscere</span> <span class='ocrx_word' id='word_1_279' title='bbox 2301 3881 2489 3943; x_wconf 82' lang='lat' dir='ltr'>auide</span> 
     </span>
     <span class='ocr_line' id='line_1_34' title="bbox 412 3978 707 4058; baseline 0.007 -23"><span class='ocrx_word' id='word_1_280' title='bbox 412 3978 707 4058; x_wconf 75' lang='lat' dir='ltr'>cupimus.</span> 
     </span>
    </p>
   </div>
   <div class='ocr_carea' id='block_1_5' title="bbox 408 4147 2481 4340">
    <p class='ocr_par' dir='ltr' id='par_1_5' title="bbox 408 4147 2481 4340">
     <span class='ocr_line' id='line_1_35' title="bbox 580 4147 2481 4236; baseline 0.005 -27"><span class='ocrx_word' id='word_1_281' title='bbox 580 4147 980 4213; x_wconf 75' lang='lat' dir='ltr'>secernamus</span> <span class='ocrx_word' id='word_1_282' title='bbox 1025 4153 1230 4234; x_wconf 84' lang='lat' dir='ltr'>primo</span> <span class='ocrx_word' id='word_1_283' title='bbox 1270 4151 1470 4217; x_wconf 74' lang='lat' dir='ltr'>&#39;Varos</span> <span class='ocrx_word' id='word_1_284' title='bbox 1485 4195 1507 4226; x_wconf 85' lang='lat'>,</span> <span class='ocrx_word' id='word_1_285' title='bbox 1565 4171 1722 4236; x_wconf 76' lang='lat' dir='ltr'>quos</span> <span class='ocrx_word' id='word_1_286' title='bbox 1760 4165 1993 4213; x_wconf 80' lang='lat' dir='ltr'>temere</span> <span class='ocrx_word' id='word_1_287' title='bbox 2025 4148 2147 4213; x_wconf 87' lang='lat' dir='ltr'>hnc</span> <span class='ocrx_word' id='word_1_288' title='bbox 2163 4172 2481 4223; x_wconf 63' lang='lat' dir='ltr'>,vocarunt</span> 
     </span>
     <span class='ocr_line' id='line_1_36' title="bbox 408 4247 2481 4340; baseline 0.006 -32"><span class='ocrx_word' id='word_1_289' title='bbox 408 4247 833 4315; x_wconf 77' lang='lat' dir='ltr'>Grammatici.</span> <span class='ocrx_word' id='word_1_290' title='bbox 915 4253 992 4313; x_wconf 79' lang='lat' dir='ltr'>P.</span> <span class='ocrx_word' id='word_1_291' title='bbox 1028 4253 1462 4340; x_wconf 73' lang='lat' dir='ltr'>Quinctilium</span> <span class='ocrx_word' id='word_1_292' title='bbox 1503 4256 1765 4320; x_wconf 80' lang='lat' dir='ltr'><em>Varum</em></span> <span class='ocrx_word' id='word_1_293' title='bbox 1803 4255 1882 4316; x_wconf 87' lang='lat' dir='ltr'>V.</span> <span class='ocrx_word' id='word_1_294' title='bbox 1927 4256 1998 4317; x_wconf 82' lang='lat' dir='ltr'>C.</span> <span class='ocrx_word' id='word_1_295' title='bbox 2045 4260 2163 4336; x_wconf 81' lang='lat'>761</span> <span class='ocrx_word' id='word_1_296' title='bbox 2214 4263 2282 4318; x_wconf 89' lang='lat' dir='ltr'>in</span> <span class='ocrx_word' id='word_1_297' title='bbox 2322 4260 2481 4320; x_wconf 88' lang='lat' dir='ltr'>Ger-</span> 
     </span>
    </p>
   </div>
  </div>
 </body>
</html>
