3075 5114
625 395 922 444 xxvut
1320 365 2100 445 PRAEFATIO

454 654 457 657 .
568 674 573 675 ἢ
621 577 824 656 forte
881 574 1172 649 Tomos
1248 579 1667 650 accuratius
1731 591 1809 650 et
1874 575 2341 653 emendatius
2421 582 2715 660 tradere

622 716 958 804 licuerit3
1009 732 1271 784 verum
1311 712 1712 810 quoniam,
1766 707 1819 784 st
1851 711 1963 786 vel
2010 712 2256 819 lineae
2300 743 2558 792 earum
2598 746 2712 795 re·

622 864 794 926 ru'm
835 849 1013 921 duci
1055 839 1386 946 possent,
1433 845 1609 919 vtile
1658 864 1737 920 et
1779 846 1929 923 hoc
1976 847 2074 922 ad
2109 856 2365 928 critica
2401 852 2593 931 haec
2639 875 2718 930 et

623 986 983 1062 litteraria
1024 977 1262 1055 studia
1289 976 1434 1057 effe
1463 980 1895 1056 arbitrabar.
2004 987 2258 1081 Quem
2284 993 2488 1063 enim
2518 988 2717 1068 fruc-

625 1144 792 1198 tum
852 1117 1018 1193 satis
1075 1141 1434 1218 magnum
1491 1141 1589 1190 ex
1639 1115 1756 1192 hia
1809 1116 2071 1196 litteris
2131 1122 2485 1217 talarem,
2581 1124 2717 1203 nifi

625 1258 810 1335 inde
854 1259 1193 1328 animum
1231 1256 1337 1326 ita
1381 1277 1819 1353 comparare
1863 1275 1940 1332 et
1994 1256 2376 1336 instituere
2427 1261 2718 1339 didicis.

626 1395 814 1485 sem,
891 1410 969 1464 vt
1010 1388 1330 1462 aliorum
1368 1388 1696 1464 Vtilitatis
1748 1398 2128 1492 potiorem
2180 1397 2549 1474 rationem
2588 1399 2720 1472 ha·

623 1529 958 1607 bendam
1006 1522 1153 1601 esse
1201 1544 1503 1624 putem,
1598 1552 1827 1628 quam
1875 1534 2044 1602 vani
2085 1531 2397 1607 alicuius
2442 1553 2712 1625 metus,

625 1695 728 1745 ne
789 1635 1312 1743 existimationi
1379 1685 1599 1736 meae
1655 1688 1747 1739 ac
1803 1662 2012 1739 laudi
2070 1672 2475 1769 quicquam
2535 1671 2718 1746 inde

626 1800 984 1892 decedat,
1044 1798 1259 1871 dum
1319 1796 1751 1872 inchoatam
1808 1819 1887 1875 et
1944 1798 2384 1904 descriptam
2424 1824 2718 1879 tantum

623 1964 936 2043 operam
977 1932 1284 2037 publice
1323 1959 1675 2035 propono
1695 1990 1715 2026 ‚
1758 1941 1840 2009 in
1871 1961 2019 2036 qua
2058 1943 2460 2042 vnicuique
2497 1938 2719 2017 facile

626 2076 716 2153 fit
760 2095 839 2150 et
879 2090 1302 2174 promtum,
1360 2069 1641 2146 habere
1682 2068 1881 2145 forte
1917 2091 1996 2147 et
2025 2099 2468 2168 memorare,
2520 2104 2716 2180 quae

627 2209 729 2286 ad
774 2233 945 2286 eam
981 2203 1525 2309 perficiendam
1570 2203 1819 2281 deess'e
1858 2206 2152 2308 possint.
2272 2215 2363 2284 In
2410 2223 2718 2313 promtu
2833 2230 2840 2241 '

626 2351 843 2431 enim
876 2349 1014 2420 erit
1052 2344 1489 2443 vnicuique,
1555 2346 1677 2416 cui
1719 2342 1951 2418 editio
1990 2344 2174 2418 mihi
2224 2372 2384 2419 non
2437 2347 2582 2441 visa
2617 2348 2716 2421 ad

621 2508 893 2559 manus
942 2478 1062 2573 fit,
1117 2498 1247 2552 aut
1290 2481 1560 2553 erroris
1601 2497 1732 2551 aut
1777 2478 2179 2554 omiffionis
2209 2508 2335 2559 me
2376 2509 2711 2585 arguere.

626 2626 880 2698 Vitam
930 2620 1159 2693 etiam
1206 2615 1493 2714 Virgilii
1539 2639 1716 2691 meo
1771 2614 2012 2691 studio
2070 2617 2499 2696 confectam
2555 2618 2717 2694 sub-

622 2759 874 2846 iunxi,
947 2751 1047 2827 de
1087 2777 1239 2854 qua
1285 2749 1597 2854 quidem
1640 2749 1768 2825 sub
1812 2758 1972 2828 eius
2010 2759 2307 2829 initium
2348 2737 2714 2831 nonnfflla

624 2895 927 2981 monui3
1015 2913 1176 2963 rem
1222 2906 1478 2962 autem
1532 2887 1972 2963 vtiliffunam
2031 2908 2260 2992 atque
2311 2895 2537 2966 etiam
2581 2918 2714 2966 ne·

624 3024 1007 3103 ceffariam
1065 3022 1423 3138 suscipere
1479 3027 1783 3123 putaui,
1864 3050 2041 3100 cum
2085 2991 2255 3099 ειΙίὶει
2284 3027 2384 3100 de
2429 3026 2710 3120 cauffis,

620 3182 790 3235 tum
830 3177 1269 3262 propterea,
1327 3156 1540 3258 quod
1569 3156 1808 3230 multa
1845 3162 1927 3232 in
1967 3159 2301 3259 Eclogis,
2351 3163 2589 3236 multa
2632 3168 2714 3236 in

621 3299 1052 3395 Georgicis,
1155 3292 1493 3394 episodia
1539 3291 1767 3366 etiam
1814 3293 2182 3369 nonnulla
2227 3300 2308 3368 in
2349 3297 2711 3388 Aeneide,

626 3459 725 3508 ex
759 3435 946 3531 reip.
984 3434 1205 3504 Rom.
1256 3426 1443 3502 statu
1491 3446 1570 3503 et
1629 3406 2075 3505 conditioue
2124 3456 2544 3534 eorumque
2590 3460 2715 3505 au-

621 3592 899 3643 norum
929 3564 1152 3639 rebus
1184 3561 1395 3665 gestis
1432 3562 1876 3666 explicanda
1906 3565 2094 3642 sunt.
2193 3573 2461 3670 Itaque
2488 3573 2717 3643 etiam

620 3708 703 3778 in
725 3704 927 3777 notis
957 3718 1034 3776 et
1072 3704 1153 3773 in
1191 3697 1358 3799 ipfis
1390 3705 1843 3801 argumentis
1871 3701 2328 3804 Eclogarum
2361 3721 2440 3779 et
2479 3703 2714 3776 Geor-

618 3844 996 3941 gicorum,
1082 3839 1165 3908 in
1204 3834 1476 3936 quibus
1527 3853 1874 3908 naturam
1932 3858 2010 3913 et
2071 3857 2310 3913 artem
2364 3842 2713 3914 carminis

615 3970 1073 4077 potiffimum
1117 3969 1414 4046 tradere
1480 3971 1885 4063 volebam‚·
1962 3974 2328 4047 nonnulla
2379 3998 2711 4049 comme·-

616 4112 912 4184 morani
926 4162 946 4201 ,
995 4128 1191 4209 quae
1231 4105 1331 4179 ad
1370 4125 1747 4208 tempora,
1801 4112 1881 4180 in
1928 4111 2203 4209 quibus
2248 4133 2338 4184 ea
2380 4110 2712 4182 carmina

614 4243 879 4347 scripta
921 4242 1120 4334 sunt,
1176 4240 1696 4341 cognoscenda
1740 4241 2177 4342 spectarent.
2307 4240 2460 4317 Nifi
2504 4246 2708 4319 enim
