3075 5114
1054 304 1139 376 P.
1183 302 1685 384 Vnica-11
1736 305 2258 410 MARQNIS

653 303 800 378 512

649 497 744 569 Et
786 518 1056 591 magno
1098 493 1467 586 Hylaeum
1507 495 1839 596 Lapithis
1864 523 1875 532 ·
1901 514 2190 573 cratere
2246 495 2686 569 minantem.

800 632 871 703 Ο
917 626 1338 702 fortunatos
1384 633 1733 721 nimium,
1788 629 1909 703 sua
1966 628 2018 705 st
2074 629 2588 721 bona-norint,

646 763 1067 864 Agricolas!
1153 765 1423 865 quibus
1453 763 1638 866 ipsa,
1680 765 1953 868 procul
1982 763 2452 840 discordibus
2482 769 2725 856 armiS,

644 901 919 978 Fundit
959 899 1192 972 humo
1224 897 1522 974 facilem
1561 906 1843 977 victum
1883 899 2249 976 iustiffima
2278 899 2522 975 tellus.
2574 901 2726 985 460

644 1116 832 1174 melius
865 1114 1078 1175 dixeris,
1134 1115 1353 1168 nomina
1383 1132 1473 1171 aut
1499 1119 1630 1191 poni
1660 1118 1955 1192 promiscue
1995 1132 2086 1172 aut
2115 1115 2388 1171 confundi.
2458 1119 2522 1172 In
2547 1117 2722 1172 latinis

646 1203 792 1258 libris
835 1202 1111 1256 Rhoecum
1154 1202 1450 1256 constanter
1485 1204 1660 1267 scribi,
1713 1205 1923 1277 copiose
1963 1204 2143 1257 docuit
2180 1204 2397 1258 Bentlei.
2437 1206 2507 1257 ad
2531 1206 2717 1258 Horat.

648 1290 826 1347 carm.
858 1290 921 1351 11,
964 1306 1041 1358 ¹9.
1071 1289 1153 1343 23.
1220 1287 1356 1341 adde
1399 1292 1574 1363 lntpp.
1619 1291 1687 1344 ad
1731 1293 1925 1363 Ilygin.
1973 1311 2025 1364 p.
2066 1291 2100 1344 5
2145 1291 2291 1343 stau.
2392 1293 2715 1354 Centaurus,

647 1393 830 1450 graeca
864 1374 1114 1431 flexione,
1155 1392 1217 1427 ex
1239 1395 1242 1396 ⁷
1263 1375 1466 1445 aliquot
1507 1391 1629 1430 vett.
1660 1378 1871 1430 notauit
1895 1377 2110 1430 Pierius.
2246 1377 2347 1444 457
2381 1396 2591 1450 magna
2615 1375 2713 1429 Ed.

643 1466 781 1521 lunt.
856 1461 1125 1530 Hyleum,
1167 1461 1420 1522 Hileum,
1465 1463 1676 1527 Ileum,
1727 1465 1949 1525 Yleum,
1990 1464 2187 1523 Leum,
2227 1460 2479 1526 scribitur,
2513 1482 2558 1516 v,
2592 1465 2719 1516 Pro·

644 1567 778 1623 pert.
805 1549 860 1622 1,²
880 1565 925 1610 t,
948 1547 1022 1600 13.
1096 1544 1358 1599 Graecum
1386 1546 1462 1601 est
1487 1547 1730 1604 ‘Tauron
1801 1557 2078 1602 minacem
2109 1549 2319 1620 Menag.
2348 1566 2427 1620 pr.
2443 1586 2462 1612 ,
2501 1548 2591 1604 sed
2614 1545 2716 1603 vid.

641 1636 826 1693 Burm.
961 1633 1065 1700 458
1101 1632 1254 1685 bona
1283 1631 1346 1702 fi
1361 1634 1484 1704 sua
1520 1635 1700 1692 Frauc.
1772 1651 1985 1689 norunt
2022 1636 2217 1689 Μαι-ει.
2259 1652 2339 1707 pr.

625 1813 875 1897 furere
922 1800 1127 1865 caede
1167 1753 1345 1864 facile
1396 1805 1638 1878 dixeris,
1720 1827 1777 1866 v.
1808 1808 2081 1886 57-96,
2125 1805 2342 1866 Horat.
2387 1804 2591 1884 Epod.
2634 1805 2715 1865 11.

644 1931 989 1996 numquam
1063 1907 1308 1986 furere
1388 1923 1640 1975 morte,
1723 1908 1926 1968 Carm.
1959 1909 2066 1980 111,
2108 1928 2160 1979 ι,
2194 1913 2459 1981 21—24.
2516 1906 2713 1968 Serm.

644 2019 798 2080 leco.
886 2012 1010 2073 Sed
1042 2025 1170 2071 tota
1203 2008 1503 2070 dubitatio
1534 2011 1639 2069 illa

644 2123 845 2183 inanis
879 2112 965 2178 est
994 2135 1065 2174 ac
1090 2134 1285 2187 vana,
1332 2109 1398 2186 fi,
1443 2131 1639 2193 quan-

646 2240 709 2288 ta
765 2227 834 2282 in
892 2216 983 2278 his
1037 2217 1256 2278 fabulis
1308 2230 1637 2296 poetarum

641 2327 897 2388 variatio
939 2317 1031 2393 fit,
1105 2336 1169 2383 et
1210 2323 1466 2400 impune
1515 2314 1634 2377 effe

642 2427 859 2517 poffit,
951 2426 1321 2484 memineris.
1463 2420 1635 2502 Quid

645 2532 852 2599 enim?
923 2527 1016 2591 Ab
1063 2527 1192 2587 aliis
1239 2522 1531 2605 Hylaeus
1574 2537 1637 2583 et

640 2640 930 2705 Rhoetus
975 2630 1051 2691 ab
1095 2630 1373 2690 Atalanta
1419 2631 1485 2686 in
1522 2628 1637 2687 Ar.

642 2743 818 2806 cadia
916 2721 1094 2799 occisi
1193 2745 1631 2790 memorantur.

639 2846 763 2907 vid.
793 2838 1082 2923 Apollod.
1112 2836 1221 2908 111,
1250 2855 1313 2916 9,
1343 2855 1396 2896 a.
1428 2831 1631 2893 Schol.

639 2942 999 3011 Callimachi
1045 2945 1112 3000 in
1155 2940 1342 3000 Dian.
1391 2957 1509 2998 221
1568 2951 1633 2997 et

638 3054 727 3117 ibi
763 3045 1094 3131 spanhem.

761 3185 911 3264 458.
995 3183 1354 3263 Sequuntur
1414 3175 1626 3238 laudes

634 3277 802 3349 vitae
856 3281 1145 3355 rusticae,
1220 3282 1393 3342 locus
1447 3278 1629 3343 nobi-

632 3387 903 3461 liffimua,
949 3391 1115 3449 cuius
1150 3384 1628 3467 pulcritudinem

637 3497 747 3577 qui
770 3511 903 3553 non
928 3489 1163 3563 sentiat,
1193 3493 1241 3551 is
1264 3509 1381 3549 nec
1408 3486 1628 3569 dignus

636 3594 733 3670 fit,
777 3598 874 3656 cui
904 3609 1244 3657 enarretur.
1334 3592 1462 3672 Qui
1495 3589 1631 3649 dul-

636 3699 858 3761 cedine
944 3696 1161 3758 harum
1237 3696 1628 3775 voluptatum

635 3823 705 3865 ca
902 3800 1126 3861 diutius
1183 3798 1299 3860 suis
1360 3797 1624 3860 senfibua

636 3818 961 3988 humere
1005 3904 1167 3977 vult,
1220 3907 1271 3964 ia
1308 3899 1448 3983 post
1492 3902 1626 3963 lau-

633 4010 813 4071 datos
855 4013 978 4067 iarn
1039 4028 1074 4067 a
1117 4007 1317 4067 Cerda
1374 4020 1437 4065 et
1491 4004 1623 4065 aliia

631 4116 893 4177 Statium
918 4112 1066 4172 Silu.
1085 4111 1173 4170 IV
1176 4152 1193 4181 ,
1228 4114 1287 4173 5.
1323 4105 1620 4187 Xenoph-

635 4218 981 4282 Oeconom.
1021 4214 1297 4277 conferat
1344 4211 1622 4274 Culicem

1716 2010 1796 2082 11,
1830 2014 1890 2085 6,
1922 2014 2005 2091 59
2039 2009 2162 2092 sqq.
2250 2006 2566 2067 Claudian.
2596 2006 2711 2064 LV

1716 2113 1905 2171 Felix
1946 2115 2063 2196 qui
2095 2113 2337 2194 patriis
2382 2125 2521 2174 etc.-
2599 2110 2710 2168 Ti-

1717 2214 1866 2275 buu.
1914 2215 1978 2289 1,
2036 2236 2086 2275 ι.
2166 2214 2228 2288 1,
2273 2217 2335 2287 5,
2381 2213 2710 2295 19—35.

1715 2318 1764 2390 1,
1804 2339 1896 2384 ιο.
1952 2318 2033 2394 11,
2072 2338 2124 2381 1.
2181 2315 2261 2389 II,
2301 2319 2362 2380 3.
2448 2318 2713 2377 Statium

1715 2421 1864 2481 Silu.
1900 2421 1980 2496 11,
2018 2443 2076 2483 2.
2162 2422 2465 2482 Senecam
2490 2421 2567 2479 H.
2594 2420 2709 2482 sur.

1724 2528 1842 2606 159
1887 2522 2015 2609 sqq·
2126 2525 2219 2587 Ex
2263 2521 2710 2585 recentioribus

1714 2633 1918 2712 primo
1953 2630 2092 2689 loco
2118 2626 2322 2689 Thom
2334 2628 2540 2686 sonum
2568 2627 2710 2683 Au-

1719 2747 1904 2792 tumn
1943 2734 2101 2795 1232
2135 2730 2261 2815 sqq.
2348 2720 2542 2789 Nobis
2571 2730 2708 2810 qui-

1718 2836 1863 2895 dem
1926 2839 1993 2895 in
2051 2848 2275 2895 ornatu
2341 2831 2518 2890 huius
2583 2831 2705 2890 loci

1716 2941 2052 2999 accuratius
2086 2934 2444 3006 retexendO,
2490 2931 2705 2993 felI'um

1716 3056 2021 3100 tantarum
2064 3042 2456 3097 minutiarum
2489 3056 2705 3097 recen-

1708 3142 1796 3217 su,
1878 3146 2147 3203 animum
2215 3139 2545 3223 paullisper
2608 3159 2703 3198 re.

1711 3266 1918 3306 creare
1957 3246 2175 3315 liceat,
2236 3246 2512 3323 inprimis
2560 3262 2701 3300 cum

1709 3353 1778 3410 in
1812 3349 2016 3407 multis
2053 3349 2183 3406 eius
2223 3345 2701 3426 pulcritudinem

1710 3472 1845 3513 non
1888 3447 2231 3532 ass'equutos
2287 3445 2407 3509 ess'e
2460 3448 2700 3508 videam

1711 3559 2111 3635 interpretes,
2218 3572 2374 3636 quos
2447 3552 2700 3635 quidem

1711 3657 1855 3720 vidi.
1873 3692 1954 3702 ——
1976 3656 2375 3737 fortunatos
2400 3655 2697 3728 nimirem,

1709 3760 1972 3823 sollenni
1995 3758 2185 3819 modo
2214 3757 2534 3842 loquendi,
2578 3777 2698 3842 pro

1706 3865 1987 3937 multum,
2031 3861 2227 3923 valde.

1791 4005 1937 4082 459.
1985 4003 2147 4078 460.
2176 3996 2419 4080 procul
2453 3995 2702 4059 discor-

1707 4101 1898 4164 dibus
1937 4104 2158 4161 armis.
2245 4103 2437 4184 Atqui
2464 4100 2700 4182 saepius

1706 4227 1890 4291 quam
1956 4205 2186 4270 vellent
2239 4203 2539 4286 agricolae
2603 4208 2700 4266 in·
