3075 5114
783 286 941 361 DE
1006 288 1526 366 CARMmE
1586 291 2174 370 Bvcomco
2435 321 2520 389 ις

448 480 634 555 dem
684 501 837 558 res,
909 499 1094 546 cum
1161 473 1488 576 Virgilii
1549 492 1627 549 et
1686 479 2088 553 Theocriti
2157 486 2523 555 carmina

442 626 620 689 tam
678 600 966 697 diuersi
1015 605 1325 703 generis
1350 601 1557 697 sinc,
1640 622 1814 678 tam
1874 607 2192 706 diuersis
2248 613 2519 683 docto-

436 763 624 811 rum
698 733 1115 823 hominum
1190 731 1297 803 de
1354 731 1587 805 huius
1658 741 1970 835 generis
2053 755 2354 810 natura
2437 755 2518 811 et

441 880 620 938 arte
675 861 994 933 iudiciis
1054 858 1322 930 locum
1363 857 1576 954 fecit
1587 889 1619 946 ;
1696 888 1878 935 cum
1934 881 2081 937 aut
2128 883 2514 937 naturam

443 989 786 1065 bucolici
839 991 1215 1060 carminis
1266 1014 1368 1059 ez:
1421 986 1580 1060 illis
1624 993 2020 1093 exemplis'
2047 991 2513 1088 constituere

440 1137 586 1196 auc
636 1119 752 1190 ad
804 1120 1215 1188 notionem
1270 1142 1314 1186 e
1368 1133 1667 1189 natura
1716 1124 1836 1191 rei
1891 1115 2332 1215 institutam
2389 1148 2507 1195 re-

433 1273 732 1325 vocare
779 1244 931 1316 illa
982 1244 1351 1344 exempla
1405 1244 1723 1319 vellent.
1842 1246 2166 1341 Scilicet
2217 1255 2342 1322 vti
2402 1279 2506 1325 ea

430 1381 652 1453 notio
714 1391 927 1445 recte
994 1399 1127 1454 eo,
1202 1397 1439 1473 quem
1480 1373 1811 1474 sequuti
1854 1374 2192 1471 sumus,‘
2253 1380 2499 1450 modo

416 1504 857 1603 »informari
893 1502 1159 1572 videri
1196 1497 1489 1600 potest,
1552 1500 1674 1575 ita
1727 1501 2317 1602 ingeniosorum
2358 1507 2500 1577 lm-

422 1640 732 1707 minum
783 1628 1200 1726 sollertia,
1288 1654 1501 1728 quae
1558 1633 1776 1699 intra
1840 1634 2035 1702 artis
2092 1659 2195 1706 ac
2261 1661 2499 1733 prae-

422 1780 831 1863 ceptorum
895 1751 1301 1855 angustias
1360 1759 1510 1828 vix
1579 1761 1924 1828 coerceri
1973 1758 2268 1857 potest,
2354 1763 2500 1835 alia

417 1908 695 1993 genera
745 1887 1091 1963 inuenit,
1158 1908 1370 1983 quae
1423 1909 1609 1955 cum
1663 1884 1812 1971 illo,
1865 1891 2292 1959 coniuncta
2350 1913 2498 1958 nec

414 2040 689 2096 tamen
722 2013 972 2115 plane
1019 2011 1369 2083 eiusdem
1410 2015 1639 2085 modi
1666 2011 1887 2109 sunt.
1989 2016 2104 2087 Et
2144 2013 2492 2112 Virgilius

411 2148 779 2249 quidem,
847 2165 1045 2211 nam
1094 2140 1211 2210 ad
1251 2140 1469 2214 lzunc
1512 2146 1765 2214 omnis
1809 2137 2082 2239 nostra
2119 2141 2494 2241 spectare

415 2272 647 2349 debet
708 2271 1139 2367 disputatio
1155 2316 1184 2346 ,
1271 2293 1564 2342 nouum
1629 2296 1862 2370 genus
1936 2268 2334 2369 constituit
2404 2275 2491 2342 in

412 2427 537 2479 eo,
587 2415 665 2470 vt
708 2422 873 2468 non
914 2412 1090 2467 tam
1144 2400 1503 2469 notiones
1567 2415 1645 2470 et
1698 2399 1999 2501 species
2070 2425 2337 2473 rerum
2384 2425 2486 2470 esc

411 2550 668 2600 aurea
707 2540 980 2600 aetate
1016 2539 1418 2624 repeteret,
1459 2524 1624 2625 sed
1663 2527 1889 2628 ipsam
1941 2552 2243 2601 auream
2288 2543 2488 2599 aeta-

406 2675 566 2730 tem
619 2651 1232 2753 repraesentaret,
1310 2653 1702 2734 homines,
1783 2657 1972 2729 deos
2038 2672 2114 2727 et
2185 2655 2481 2738 heroes,

401 2788 548 2885 qui
585 2788 672 2855 in
723 2807 824 2854 ea
872 2776 1276 2878 vixiffent,
1365 2781 1802 2864 exhiberet,
1880 2788 2128 2883 iisque
2165 2783 2483 2879 senten-

402 2918 563 2986 cias
621 2935 726 2982 ac
782 2934 1038 2981 mores
1097 2935 1486 3010 congruos
1550 2908 1948 2986 tribueret.
2081 2910 2186 2982 Id
2234 2931 2484 3009 genus

404 3043 764 3114 inuenire
813 3037 1011 3109 mihi
1049 3039 1360 3115 videor,
1385 3035 1464 3131 fi
1506 3038 1880 3122 Silenum,
1927 3037 2296 3138 eclogam
2333 3035 2425 3106 V
2407 3037 2478 3114 I,

402 3186 483 3242 et
535 3167 1032 3246 Pollionem,
1107 3164 1473 3267 eclogam
1521 3166 1680 3247 IV,
1753 3166 2106 3268 inspicio.
2210 3164 2322 3235 Et
2377 3163 2481 3234 de

399 3281 542 3371 'illo
586 3297 915 3398 quidem
962 3319 1082 3366 res
1124 3290 1593 3390 manifissa;
1659 3296 1760 3366 de
1806 3295 1958 3367 hoc
2004 3320 2170 3367 non
2221 3295 2478 3393 magis

398 3422 681 3504 dubia,
718 3421 798 3519 fi
830 3422 1327 3519 facultatem
1372 3421 1606 3493 illam
1641 3425 2152 3496 vaticinandi
2186 3439 2263 3494 ec
2284 3446 2484 3528 PG&

375 3550 510 3648 sin
568 3548 867 3651 afflatis
914 3550 1074 3622 illis
1126 3553 1406 3623 diuino
1452 3549 1752 3649 spiritu
1803 3549 2247 3626 hominibus
2286 3575 2475 3652 pro-

312 3680 319 3688 ’
393 3684 659 3779 priam
722 3679 844 3752 ad
907 3684 1275 3778 antiquos
1342 3678 1696 3749 homines
1747 3683 2144 3778 pertinere
2176 3681 2475 3772 (memi-

399 3812 623 3879 neris,
727 3807 969 3908 Quod
1002 3807 1328 3905 quidem
1368 3831 1552 3877 curn
1586 3800 1942 3903 nouaffet
1976 3809 2247 3886 Maro,
2293 3833 2474 3879 con-

379 3934 761 4036 sequutus
805 3931 913 4033 est
939 3930 1191 4030 simul
1227 3935 1420 4014 hoc,
1480 3937 1591 4006 'vt
1646 3937 1866 4034 epico
1911 3940 2252 4009 carmini
2285 3960 2473 4037 pro-

404 4151 507 4205 col.
597 4153 781 4215 „Sane
820 4150 896 4205 est
936 4150 1231 4215 sciendum,
1298 4152 1402 4206 vn
1483 4147 1802 4203 Theocritus
1849 4152 1903 4206 X
1939 4152 2163 4211 habet.“
2245 4149 2475 4210 Exclufit

405 4238 616 4312 eclogas
644 4239 746 4297 effe
772 4257 943 4295 metas
971 4237 1217 4308 rusticas,
1273 4257 1404 4314 quas
1486 4255 1619 4312 puto
1642 4241 1738 4330 IV:
1772 4240 1861 4297 vl.
1890 4239 1961 4297 X.
2055 4275 2070 4292 0
2338 4274 2347 4284 ·
