3075 5114
632 353 772 428 168

1040 349 1128 420 P.
1172 349 1677 426 VIRGILII
1743 355 2276 434 MARONIS

618 543 848 615 Nunc
896 552 976 612 te
1025 563 1540 627 marmoreum
1584 567 1726 641 pro
1790 562 2133 644 tempore
2189 543 2542 634 fecimus;
2634 563 2715 617 at

2610 677 2712 752 35

1877 695 1984 770 tu,

621 810 703 884 Si
749 806 991 883 fetura
1031 835 1333 911 gregem
1378 803 1866 909 suppleuerit,
1921 837 2191 887 aureus
2231 810 2409 888 esto

724 968 788 1015 e.
827 946 1106 1020 Nerine
1140 945 1487 1033 Galatea,
1539 943 1797 1036 thymo
1833 946 2019 1018 mihi
2061 947 2356 1022 dulcior
2394 941 2708 1074 Hyblae,

619 1076 1037 1152 Candidior
1078 1084 1364 1174 cycniS,
1443 1077 1673 1154 edera
1719 1071 2120 1156 formosior
2171 1070 2379 1171 alba3

620 1218 882 1312 Quum
918 1219 1246 1341 primum
1285 1212 1470 1315 pasti
1514 1231 1861 1313 repetent
1918 1213 2301 1317 praesepia
2348 1220 2562 1307 tauri,

784 1399 854 1455 35
889 1414 944 1453 et
978 1414 1046 1452 ιι
1091 1396 1345 1453 Rottend.
1422 1416 1493 1450 ao
1533 1411 1599 1450 cu
1644 1398 1860 1470 Menag.

2028 1400 2097 1454 36
2132 1394 2333 1471 gregae's
2380 1395 2549 1450 Goth.
2605 1396 2702 1451 sec.

617 1487 687 1556 37
726 1486 894 1538 Nunc
950 1485 1200 1539 Galathe
1203 1505 1240 1537 a
1286 1484 1465 1538 thimo
1495 1510 1565 1523 -·
1594 1483 1736 1536 mihi
1789 1483 2059 1548 Parthas„
2136 1500 2316 1555 aperta
2361 1481 2703 1535 aberratione.

613 1571 707 1711 ἒξ
709 1591 898 1729 caeno
939 1655 1068 1710 alter
1112 1651 1366 1710 Rottend.

949 1589 1012 1623 ex
1067 1577 1252 1640 qun'v
1210 1595 1319 1636 ιν,η
1400 1587 1432 1622 a
1472 1569 1679 1638 que'u‘t.

1520 1656 1590 1725 39
1628 1674 1687 1706 re
1658 1664 1885 1727 epeeunt
1926 1655 2079 1708 multi
2112 1673 2196 1728 ap.
2225 1653 2328 1707 Hei
2333 1652 2405 1706 ns.
2463 1649 2610 1727 quod
2653 1667 2706 1727 et

1797 1569 1939 1623 Alias
2002 1569 2078 1623 est
2132 1575 2304 1640 anm'
2303 1593 2360 1635 νη
2402 1586 2433 1620 ι
2486 1567 2715 1646 qunf'tg

616 1740 790 1815 ipsum
833 1735 1102 1795 defendas.
1169 1741 1478 1814 praesagia
1513 1742 1698 1811 stagm.
1738 1740 1969 1802 Moreti,
2021 1738 2216 1793 vitiose.

615 1899 785 1980 apud
852 1900 1212 1961 Terentian.
1279 1899 1478 1959 Maur.
1540 1898 1619 1959 de

613 2003 870 2062 Metris:
959 2004 1106 2060 Iam
1152 2021 1331 2058 nunc
1365 2021 1621 2081 purpu-

617 2123 733 2161 reo
759 2101 967 2177 fieta-5
993 2099 1261 2160 include
1292 2102 1616 2161 cothurno

616 2204 810 2283 (forte
840 2205 917 2262 ad
947 2204 1215 2263 Inonem
1254 2208 1494 2276 nutrix,
1555 2219 1618 2264 vt

611 2306 884 2366 Dianam
915 2305 1018 2364 illa
1052 2308 1366 2385 imitetur).
1406 2303 1621 2380 stabis

613 2428 738 2469 vox
769 2405 1092 2468 sollennia:
1134 2405 1247 2466 tibi
1276 2403 1466 2467 statua
1500 2430 1620 2489 po-

614 2526 840 2575 netur:
881 2506 1179 2592 Expreffit
1204 2509 1412 2571 locum
1449 2508 1617 2574 hunc

506 2638 536 2683 ι
613 2616 845 2676 Statius
873 2614 934 2674 Π
980 2612 1179 2674 Theb.
1229 2616 1353 2693 725
1399 2612 1528 2698 sqq.

698 2719 1020 2780 53-36,
1085 2717 1282 2776 Etiam
1331 2713 1485 2790 hoc,
1549 2733 1617 2779 vt

612 2818 772 2894 dixi,
818 2825 1194 2902 epigramma
1234 2814 1353 2892 est,
1405 2820 1616 2901 Priapi

609 2922 788 3005 figno
830 2919 1117 2995 affixum,
1177 2936 1244 2982 vt
1284 2926 1616 2985 innumera

610 3027 763 3095 alia;
804 3027 993 3109 idque
1026 3039 1240 3086 votum
1272 3029 1331 3084 ei
1358 3026 1612 3088 factum.

607 3129 874 3210 Signum
917 3133 1046 3189 eius
1085 3124 1173 3188 est
1200 3149 1275 3205 ex
1303 3149 1612 3190 marmore

609 3230 779 3307 (sane
823 3251 859 3290 a
903 3228 1144 3312 pastore
1190 3231 1469 3313 ligneum
1510 3254 1613 3294 ex-

604 3331 980 3415 pectabas),
1077 3332 1158 3392 ad
1211 3334 1381 3417 quod
1448 3334 1612 3396 sacra

606 3422 970 3518 quotannis*
1012 3433 1170 3495 fiunt
1258 3434 1607 3516 pastoritia:

602 3553 808 3620 ponet
847 3558 921 3598 ex
976 3554 1129 3599 voto
1188 3559 1439 3599 auream
1492 3539 1609 3602 sta-

605 3655 817 3714 tuam,
885 3642 1088 3719 (nimis
1131 3640 1448 3720 ambitiose
1488 3665 1606 3724 pro

603 3749 898 3825 pauperis
955 3739 1212 3824 pastoris
1267 3742 1604 3827 persona!)

601 3842 651 3905 fi
748 3847 898 3906 deus
995 3849 1304 3927 propitius.⁷
1398 3847 1603 3909 fuerit.

597 3949 704 4023 34.
745 3948 921 4008 Idem
952 3948 1126 4009 color
1165 3953 1233 4008 in
1260 3948 1402 4009 Tib.
1433 3949 1495 4024 1,
1548 3973 1602 4025 1,

607 4069 684 4129 19
713 4047 795 4132 sq.
855 4052 961 4111 Sat
992 4048 1078 4110 est
1107 4049 1219 4111 tibi
1249 4050 1404 4114 haec
1436 4075 1471 4113 a
1497 4075 1601 4115 me

597 4156 933 4234 quotannis
982 4149 1213 4216 offerri.
1277 4158 1420 4221 .55.
1467 4177 1598 4239 pro

597 4267 923 4342 tempore,
995 4270 1064 4319 vt
1105 4271 1349 4339 tempus
1395 4273 1458 4320 et
1497 4278 1597 4322 res

1703 1895 1943 1958 ferebat
1957 1937 1978 1967 ,
2052 1898 2126 1957 ἐκ
2190 1894 2310 1959 τῶν
2374 1889 2705 1979 παρόντων,

1704 1991 1976 2067 ἐνόντων,
2006 1991 2427 2080 ὖτοιρχὸντων.
2505 2000 2608 2061 56.
2641 1998 2701 2058 h.

1701 2096 1748 2159 fi
1776 2098 1944 2160 bona
1977 2101 2189 2158 ouium
2219 2099 2422 2159 fetura
2447 2099 2651 2163 suerit.

1787 2204 1892 2281 57.
1934 2202 2183 2261 Nerine
2217 2201 2524 2277 Galatea„
2569 2204 2699 2264 Ne·

1701 2307 1796 2365 rei
1824 2319 1885 2364 et
1905 2303 2159 2363 Doridis
2188 2303 2307 2363 filia
2338 2304 2476 2379 fuit,
2509 2301 2567 2364 N
2566 2328 2702 2391 ym-

1699 2404 1826 2488 pha
1857 2407 1961 2466 illa
1993 2410 2230 2474 marina
2257 2427 2290 2466 a
2311 2407 2700 2492 Polyphemo

1702 2510 1983 2570 adamata
1997 2552 2020 2584 ,
2091 2531 2278 2593 quam
2337 2525 2544 2574 tamen
2598 2512 2728 2600 hic⁸

1702 2613 2021 2697 Corydon,
2078 2612 2433 2697 Nympham
2472 2616 2694 2698 pastor,

1699 2731 2013 2799 tamquam
2057 2714 2222 2776 suam
2268 2721 2557 2792 amicam,
2628 2735 2695 2781 vt

1697 2818 1934 2899 vesperi
1973 2819 2054 2879 ad
2090 2818 2149 2880 se
2187 2823 2418 2894 veniat,
2477 2822 2692 2903 appel-

1695 2921 1803 3003 lat.
1867 2922 2113 2982 Scssicet
2138 2937 2327 3003 poeta
2358 2939 2594 2984 tantum
2621 2929 2692 2988 in
2812 2960 2825 2973 ·

1697 3020 1820 3084 hoc
1859 3023 2241 3103 elaborauit.
2285 3041 2352 3088 vt
2387 3026 2687 3090 Theocri-

1698 3140 1869 3185 teum
1978 3147 2228 3189 carmen
2320 3134 2691 3211 exprimeret

1694 3228 1871 3313 Idyn.
1905 3231 2018 3304 XI,
2068 3250 2140 3311 ¹9
2184 3229 2267 3313 sq.
2282 3271 2303 3302 ,
2371 3236 2458 3292 vti
2499 3217 2692 3295 etiam

1693 3332 1841 3394 fecit
1886 3333 2014 3394 Ecl.
2059 3334 2188 3407 lx,
2247 3335 2330 3412 39
2388 3332 2473 3416 sq.
2588 3337 2693 3397 Sic

1692 3435 1817 3517 sup.
1877 3458 1936 3496 v.
1990 3438 2073 3500 26
2096 3498 2099 3501 ,
2126 3432 2434 3496 Arcades
2486 3434 2692 3517 pastor

1690 3554 2015 3613 memorat,
2075 3543 2183 3622 qui
2215 3542 2378 3596 inter
2400 3539 2690 3601 Mantua-

1689 3660 1807 3702 nos
1885 3642 2155 3703 vinebat.
2295 3641 2688 3725 Quamquam

1690 3742 1814 3806 hoc
1896 3744 2028 3826 ipso
2113 3748 2351 3805 minor·
2398 3749 2683 3808 carminis

1688 3846 1948 3908 suauitas
1984 3845 2103 3909 ess'e
2133 3846 2353 3921 debet,
2409 3849 2580 3930 quod
2612 3854 2685 3912 in

1686 3971 1832 4011 vera
1864 3954 2000 4013 vita.
2024 3948 2170 4012 istae
2201 3950 2447 4011 fabulae
2480 3955 2684 4013 minus

1685 4054 1990 4115 iucundae
2034 4053 2190 4115 sunt.
2318 4054 2419 4115 De
2460 4055 2685 4135 Hybla.

1684 4155 1761 4217 cf.
1805 4158 1932 4231 Ecl.
1975 4158 2039 4232 I,
2084 4159 2186 4221 55.
2277 4155 2481 4217 edera
2520 4158 2707 4219 alba.

1682 4260 1804 4321 vid.
1851 4262 1929 4323 ad
1970 4263 2095 4325 Ecl.
2128 4264 2237 4337 111,
2276 4264 2382 4344 39.
