3075 5114
609 398 716 461 ιν
1153 436 1159 445 ·
1241 370 2031 470 PRAEFATIO

607 569 989 662 LXXIX
1093 566 1408 667 excusa
1495 566 1703 664 ess'et
1725 640 1755 687 ,
1891 575 2224 665 iterum
2308 602 2689 701 operam

604 765 913 827 meam
987 736 1074 827 ei
1126 734 1718 831 commodaui
1781 740 1881 830 in
1949 708 2350 832 editione
2404 736 2687 831 altera

606 902 870 995 annis
914 903 1680 998 LXXXVII—IX
1725 903 2127 1037 vulgata,
2204 925 2297 998 et
2334 902 2688 1033 aliquot

607 1070 870 1161 annis
921 1068 1235 1195 postea
1286 1070 1691 1164 Londini
1756 1074 2182 1200 repetita3
2275 1104 2492 1167 cum
2544 1073 2684 1163 in·—

607 1256 857 1330 terea
931 1235 1192 1363 prelo
1256 1239 1649 1364 repetita
1729 1234 1937 1331 effet
2019 1237 2297 1332 editio
2377 1239 2685 1332 minor

604 1392 1178 1497 emendatior
1230 1432 1311 1495 a.
1350 1406 1841 1496 LXXXIX.
1959 1402 2309 1499 Iudicia
2357 1434 2683 1533 exper-

602 1591 753 1663 tus
797 1566 991 1661 sum
1036 1572 1445 1661 virorum
1483 1566 1971 1664 doctorum
2008 1591 2200 1663 tam
2242 1568 2679 1688 liberalia,

596 1757 698 1833 vt
742 1767 853 1829 ea
897 1729 1087 1863 ipsa
1123 1734 1351 1827 mihi
1391 1732 1578 1831 hoc
1622 1757 2064 1863 tanquam
2096 1767 2331 1831 onus
2376 1739 2678 1867 impo-

596 1934 821 1997 nere
890 1902 1451 2018 viderentur,
1565 1925 1664 1996 vt
1679 1971 1708 2017 ,
1803 1924 2250 2029 quantum
2299 1900 2671 2031 poffem,

593 2068 990 2164 studium
1076 2070 1177 2160 in
1270 2066 1842 2161 emendanda
1940 2090 2031 2162 et
2115 2066 2674 2196 perficienda
2741 2136 2758 2167 x

598 2267 884 2366 opera
959 2266 1168 2327 mea
1259 2232 1829 2329 collocarem.
1993 2239 2307 2360 anue
2393 2239 2491 2329 in
2567 2267 2672 2337 re
2777 2244 2784 2251 “

591 2423 850 2497 tanto
890 2399 1383 2532 religiosius
1431 2400 1661 2493 mihi
1699 2397 2230 2496 versandum
2282 2397 2450 2494 effe
2493 2435 2669 2531 pu-

588 2572 824 2686 taui,
901 2591 1245 2696 quanto
1282 2567 1613 2666 melius
1656 2565 1841 2697 ipse
1887 2571 2250 2700 cognita
2296 2601 2405 2664 ac
2457 2603 2666 2698 per-

591 2732 892 2865 specta
948 2734 1384 2829 haberem
1448 2768 1604 2854 ea,
1710 2768 1950 2863 quae
2004 2738 2103 2828 in
2166 2734 2320 2828 illa
2377 2767 2662 2864 opera

585 2934 795 2996 mea
870 2877 1031 2997 aut
1103 2899 1691 3000 desideranda
1767 2897 2078 3015 estem,
2171 2924 2332 2992 aut
2399 2901 2659 2997 aliter

583 3065 1227 3164 constituenda.
1353 3073 1964 3192 Nequaquam
2012 3065 2257 3155 enim
2296 3063 2656 3173 advo-⁴

581 3232 901 3364 gilium
943 3265 1195 3328 noua
1232 3232 1824 3324 annotatione
1879 3227 2497 3322 instruendum
2533 3195 2654 3325 eo

583 3402 895 3493 animo
937 3424 1026 3510 et
1054 3397 1422 3495 confilio
1452 3391 2005 3512 accefferam,
2058 3394 2310 3521 quod
2337 3398 2651 3524 postea

583 3562 1004 3694 sequutus
1030 3565 1243 3660 sum.
1351 3559 1597 3660 Nam
1623 3595 1861 3677 cum,
1906 3584 2118 3657 ante
2151 3594 2440 3657 annos
2469 3562 2650 3662 hos

580 3728 771 3830 fere
803 3736 1147 3827 XXXV
1157 3800 1186 3849 ,
1242 3762 1299 3825 a
1330 3730 1730 3845 librario,
1783 3719 2114 3823 sollerti
2145 3715 2236 3825 et
2264 3728 2648 3826 honesto

578 3902 777 3995 'viro
793 3969 819 4015 ,
879 3922 1496 4027 quaereretur,
1573 3896 1735 4024 qui
1775 3893 2268 3991 editionem
2291 3897 2644 4029 Virgilii

576 4068 819 4160 notis
873 4064 1207 4160 selectis
1263 4088 1354 4160 et
1413 4062 1852 4191 excerptis
1903 4066 2357 4190 nouisque
2406 4094 2642 4157 non-

576 4228 847 4329 nullis
890 4230 1353 4362 adsperfi3‚
1433 4232 1993 4366 instructam,
2063 4230 2324 4325 cuius
2367 4259 2641 4362 geue-
