3075 5114
765 358 1355 433 BVCOLICA
1408 360 1649 433 ECL.
1700 360 1788 451 V,
1835 360 2145 436 10—25

2389 370 2524 444 125

429 572 561 616 am.
601 539 839 618 Lenta
879 543 1052 619 salix
1091 566 1461 647 quantum
1503 548 1815 650 pallenti
1855 550 2057 626 cedit
2096 549 2368 646 oliuae,

427 682 774 753 Puniceis
818 680 1119 757 humilis
1165 704 1530 784 quantum
1598 684 1919 760 saliunca
1970 686 2264 760 rosetis:

420 815 715 891 Iudicio
775 815 1029 891 nostro
1083 837 1374 892 tantum
1434 819 1572 895 tibi
1635 819 1837 896 cedit
1876 823 2254 915 Amyntas.

414 976 552 1025 uo.
593 949 748 1026 Sed
791 969 875 1023 tu
911 949 1161 1027 define
1190 954 1429 1056 plura,
1465 981 1659 1056 puer
1674 985 1694 1045 ;
1762 954 2220 1032 successimus
2260 974 2500 1031 antro.

519 1085 1382 1189 ExstinctumNymphae
1406 1090 1693 1166 crudeli
1722 1088 1985 1163 funere
2001 1090 2362 1192 Daphnin
2402 1116 2500 1167 20

414 1222 756 1296 Flebant:
826 1249 962 1298 vos
1006 1224 1250 1300 coruli
1300 1223 1514 1300 testes
1572 1244 1647 1300 et
1694 1226 2000 1299 flumina
2044 1228 2441 1329 Nymphis:

416 1360 712 1454 Quum,
779 1359 1152 1460 conplexa
1193 1359 1296 1435 sui
1338 1388 1617 1463 corpus
1658 1362 2071 1437 miserabile
2119 1368 2342 1460 gnati,

412 1494 664 1594 Atque
707 1492 889 1570 deos
928 1513 1159 1596 atque
1204 1493 1391 1569 astra
1433 1515 1659 1572 vocat
1713 1498 2051 1573 crudelia
2102 1517 2363 1571 mater.

409 1630 589 1702 Non
630 1629 752 1703 vlli
796 1627 1039 1732 pastos
1093 1629 1234 1704 illis
1288 1656 1514 1730 egere
1570 1631 1835 1705 diebus

409 1763 720 1865 Frigida,
763 1764 1096 1868 Daphni,
1136 1763 1384 1852 boues
1426 1764 1528 1840 ad
1557 1765 1904 1854 flumina3
1984 1762 2195 1837 nulla
2238 1787 2496 1865 neque

2390 1898 2488 1974 25

1652 1925 1955 1975 amnem

543 2102 609 2156 18
643 2102 790 2155 milet
814 2102 1021 2158 zulich.
1096 2102 1258 2157 cedet
1290 2117 1391 2158 tro·
1424 2121 1507 2176 ap.
1533 2102 1714 2156 But-m.
1744 2121 1865 2156 cum
1897 2100 2066 2157 Goth.
2096 2100 2196 2156 sec.
2310 2116 2376 2172 59
2406 2101 2493 2156 Ta

377 2187 507 2258 sed
551 2186 609 2241 d.
652 2189 906 2244 Rottend.
975 2188 1347 2259 succedlmus
1375 2207 1477 2243 tre·
1517 2208 1639 2242 cum
1667 2188 1835 2244 Goth.
1873 2208 1953 2261 pr.

2092 2207 2161 2242 20
2186 2188 2485 2257 Daphnin.

393 2276 578 2327 Etiam
616 2274 707 2327 hic
733 2275 1031 2345 Daphnim
1074 2277 1163 2329 alii
1201 2275 1373 2347 scripti
1406 2291 1460 2330 et
1488 2274 1645 2328 editiz
1702 2291 1757 2329 at
1784 2275 1876 2327 inf.
1906 2267 2186 2343 Daphnin
2225 2275 2306 2327 ad
2331 2272 2490 2345 astra

376 2357 665 2434 fetemus.
707 2361 773 2413 cf.
803 2361 874 2414 ad
897 2363 961 2423 11,
989 2365 1077 2416 26.

395 2447 556 2498 malli
589 2445 773 2532 fragm.
812 2446 1008 2502 Motet.
1024 2486 1042 2511 ‚
1100 2446 1254 2527 male.

391 2621 486 2694 V,
527 2625 831 2704 92—95.
948 2644 1044 2704 ¹7·
1081 2623 1401 2702 saliunca

386 2722 594 2786 herba
624 2729 877 2810 ignota,
943 2727 1106 2788 forte
1147 2724 1401 2786 nardus

389 2829 670 2891 Celtica.
756 2828 879 2889 vid.
930 2831 1180 2890 Mar-tin.
1237 2829 1399 2891 Iulio

389 2931 636 2993 Sabino
676 2951 875 3016 genus
915 2933 1165 3016 virgulti
1203 2932 1399 3014 asperi

388 3030 500 3095 est.

481 3156 586 3198 20.
639 3137 871 3199 Luctus
907 3135 1090 3219 super
1114 3136 1398 3219 Daphni-

389 3237 510 3315 ais,
557 3243 798 3323 antiqui
827 3236 990 3301 istius
1019 3238 1276 3322 pastoria
1303 3242 1398 3302 si-

394 3342 520 3402 culi
564 3342 769 3413 (conf.
799 3344 1115 3427 Argum),
1169 3359 1395 3417 morte,

392 3465 588 3527 quem
634 3461 828 3527 poeta
879 3467 1053 3509 nnnc
1110 3449 1396 3508 carminis

395 3563 832 3631 argumentum
872 3548 1051 3622 facit,
1109 3548 1246 3611 satis
1288 3549 1397 3610 de-

396 3649 584 3711 clarat
612 3649 808 3713 lusum
838 3655 1097 3735 ingenii,
1132 3673 1268 3716 non
1292 3672 1398 3714 ve-

397 3768 535 3812 mm
579 3750 868 3816 affectum
918 3771 980 3818 et
1032 3754 1269 3817 sensum
1321 3776 1398 3817 ex

400 3850 618 3917 funere
664 3877 836 3921 vero.
934 3858 1156 3943 Itaque
1199 3861 1396 3921 luctus

402 3953 741 4021 declaratur
861 3960 1393 4043 phantasmatibus

401 4061 796 4144 antiquorum
834 4082 1205 4146 poetarum:
1261 4064 1395 4126 sen-

397 4162 518 4222 tire
546 4184 686 4225 eum
715 4182 779 4228 et
814 4187 1094 4232 armenta
1136 4185 1201 4231 et
1237 4168 1394 4230 feras

402 4265 718 4349 25-29,
774 4286 840 4332 et
881 4273 1043 4357 ipsos
1100 4294 1280 4358 agros
1323 4293 1396 4333 ac

1215 2381 1281 2415 22
1317 2359 1418 2434 Est
1446 2363 1746 2430 comple-ta
1768 2379 1896 2414 vnus
1926 2359 2103 2413 fleins.
2228 2371 2295 2427 24
2326 2362 2486 2413 Non-

1418 2448 1487 2503 25
1519 2448 1648 2501 vlla
1698 2467 1802 2499 nec
1844 2445 2106 2499 nonnulli.
2148 2443 2252 2498 vid.
2299 2443 2480 2500 Heins-

1478 2638 1660 2705 prata
1702 2621 2002 2700 35-39.
2099 2622 2307 2681 Mater
2350 2625 2482 2683 eiua

1481 2726 1599 2785 fuit
1664 2719 1985 2805 Nympha,
2072 2743 2108 2783 a
2168 2725 2480 2785 Mercurio

1482 2823 1786 2911 opprossa.
1852 2812 2141 2884 Retracta
2171 2829 2358 2908 igitur
2383 2846 2482 2887 res

1480 2936 1549 2994 in
1582 2944 1848 2991 aetatem
1891 2924 2202 2987 heroicam
2246 2942 2310 2986 et
2350 2949 2483 3011 my-

1480 3034 1741 3097 thicam:
1838 3027 2046 3113 ficque
2105 3029 2346 3092 excusea
2391 3031 2483 3090 di·

1480 3135 1924 3224 thyrambicam
1952 3131 2083 3193 fere
2111 3129 2213 3193 vss'.
2245 3153 2326 3213 27
2350 3131 2487 3216 sqq.-

1482 3242 1820 3304 audaciam.
1947 3233 2206 3297 crudeli
2269 3234 2480 3316 funo-

1479 3366 1589 3417 re,
1674 3341 1924 3422 fimplic.
1982 3338 2203 3400 acerba
2254 3354 2476 3401 morte.

1484 3451 1587 3512 23.
1642 3444 1824 3525 astra
1880 3456 2082 3503 vocae
2136 3439 2474 3512 crudelia,-

1482 3549 1542 3613 h.
1567 3554 1839 3620 inuocat,
1881 3546 2191 3619 inclamat,
2233 3546 2381 3607 deos
2416 3560 2481 3605 et

1480 3651 1634 3715 astra
1685 3648 1935 3712 incusat.
2022 3648 2308 3710 Ieiunum
2357 3646 2475 3722 est,

1482 3755 1655 3841 quod
1682 3754 1871 3837 vulgo
1897 3755 2101 3814 aiunt:
2147 3753 2296 3814 dicit
2320 3748 2477 3814 astra

1482 3856 1605 3920 effe
1645 3857 1936 3917 crudelia.

1597 3967 1696 4039 24.
1776 3960 1928 4019 Non
1990 3953 2263 4040 pastores
2323 3976 2475 4039 prae

1478 4064 1648 4125 luctu
1671 4078 1946 4124 armenta
1973 4064 2049 4122 ad
2078 4061 2474 4144 pascendum,

1480 4184 1544 4229 et
1606 4163 1744 4249 post
1796 4162 2032 4248 pastum
2082 4166 2162 4225 ad
2218 4163 2476 4223 flumina

1480 4286 1762 4357 egerunt.
1808 4270 1971 4333 conf.
2001 4270 2208 4329 Burm.
2239 4264 2474 4328 Mosch.
