3075 5114
547 356 654 433 30·
965 347 1050 421 P.
1102 334 1608 421 VIRGILII
1664 320 2200 403 MARONIS

530 545 798 629 scilicet
824 536 944 617 se,
1019 535 1158 592 iam
1221 537 1450 586 aetate
1493 494 1927 602 prouectum,
2025 504 2354 573 libertatis
2409 498 2631 581 conse-

554 646 863 738 quendae
905 639 1128 722 cauffo
1176 633 1427 697 Vrbem
1466 625 1735 707 adiiffe,
1828 622 2055 705 ibique
2094 617 2182 677 ab
2226 616 2372 674 lieri
2400 608 2636 692 facili-

510 762 518 773 *
560 775 704 822 tate
732 755 859 814 ltoc
886 742 1260 825 obtinuiffe,
1301 754 1377 799 vt
1401 754 1637 817 greges
1647 733 1816 809 ficos
1848 744 1991 791 tuto
2031 746 2115 786 ac
2143 723 2346 784 libere
2367 718 2641 803 pascere

555 867 808 933 liceret.
891 850 1243 916 Putandus
1287 844 1376 923 est
1419 842 1591 905 adeo
1649 842 1909 922 Tityrus
1939 832 2066 917 effe
2092 851 2263 893 vnus
2305 849 2388 888 ex
2422 819 2642 909 pasto-

563 973 747 1045 ribus
770 965 992 1045 seruis
1033 963 1106 1020 in
1136 952 1366 1038 fundo
1412 973 1460 1011 a
1497 949 1769 1010 domino
1814 943 2103 1005 habitis.-
2181 938 2266 1019 cf.
2312 933 2409 994 ad
2449 954 2515 995 v.
2545 929 2645 994 28·

566 1086 835 1146 Interea
892 1071 1065 1130 alter
1124 1062 1210 1124 de
1263 1059 1455 1120 malis
1511 1077 1596 1116 ac
1649 1050 1957 1132 molestiis
2014 1045 2433 1127 migrationis
2474 1039 2650 1119 suae

569 1183 1038 1267 conqueritur,
1131 1167 1534 1248 tandemque
1597 1174 1831 1244 aperte
1879 1156 1965 1218 de
2009 1168 2481 1216 veteranorum
2530 1147 2652 1205 im-

571 1290 864 1373 miffione
902 1289 975 1345 in
1015 1299 1216 1359 agros
1264 1274 1561 1357 loquitur
1610 1289 1674 1327 v.
1707 1288 1809 1347 70.
1899 1260 2187 1343 Subfistit
2231 1256 2535 1334 dialogus
2580 1254 2656 1311 in

573 1424 691 1475 eo,
748 1412 825 1457 vt
860 1395 1116 1474 Tityrus
1159 1383 1466 1466 miserum
1497 1376 1766 1439 exulem
1805 1375 1880 1436 in
1898 1372 2035 1455 suo
2067 1366 2333 1449 tugurio
2371 1336 2659 1448 pernae?

582 1525 733 1577 tare
769 1501 1022 1567 iubeat.

750 1673 977 1765 Atque
1024 1671 1152 1732 hoc
1209 1661 1477 1752 quidem
1529 1678 1769 1722 verum
1815 1675 1901 1715 ac
1950 1651 2300 1736 proprium
2350 1643 2665 1708 carminis

584 1789 678 1872 est
719 1794 1222 1867 argumentum,-
1302 1768 1522 1855 quod,
1579 1766 1902 1852 quantum
1957 1782 2004 1821 a
2052 1774 2303 1825 natura
2353 1754 2668 1815 carminis

579 1893 910 1986 pastoricii
947 1884 1219 1970 proprie
1263 1878 1429 1939 dicti
1473 1873 1681 1953 absit,
1736 1870 1958 1955 facile
1989 1879 2309 1950 apparet,
2367 1876 2433 1922 et
2474 1859 2673 1943 quale

591 2023 841 2073 nouum
874 1992 1084 2077 genus
1133 1984 1524 2063 constituat,
1610 1984 1687 2041 in
1727 1977 2178 2060 disputatione
2223 1969 2308 2030 de
2349 1968 2675 2030 Bucolicis

598 2105 996 2189 Virgilianis
1039 2091 1400 2177 expositum
1439 2084 1546 2165 est.
1637 2084 1770 2147 Sed
1795 2083 2158 2144 communis
2193 2079 2484 2147 omnium
2514 2089 2677 2134 tem·-

592 2235 836 2305 porum
885 2205 1146 2291 opinio,
1217 2212 1516 2259 veterum
1556 2192 2165 2255 Grammaticorum
2191 2184 2342 2268 fide
2367 2185 2678 2265 firmata,

602 2321 929 2388 obtinuit,
1008 2309 1303 2386 Eclogae
1343 2303 1539 2362 liuius
1587 2302 1918 2359 rationem
1960 2295 2058 2357 ad
2101 2294 2220 2355 illa
2266 2309 2565 2373 tempora
2613 2302 2682 2348 et

604 2428 877 2510 Virgilii
930 2422 1288 2504 fortunam
1348 2406 1922 2480 accommodatam
1984 2407 2111 2490 effe
2120 2447 2145 2480 ,
2237 2419 2443 2484 eoque
2500 2418 2680 2463 anno

604 2512 756 2601 eam
800 2530 930 2613 (V.
966 2527 1031 2591 G.
1067 2521 1236 2605 715)
1302 2517 1637 2600 scriptam
1692 2514 1853 2597 effe,
1957 2532 2088 2596 quo
2155 2510 2684 2571 Triumuirorum

599 2646 915 2734 pactione
968 2634 1237 2695 decreta
1303 2622 1609 2707 nefanda
1660 2624 1782 2684 illa
1837 2641 2157 2701 agrorum
2196 2620 2375 2678 inter
2429 2631 2690 2676 vetera-

610 2775 732 2817 nos
784 2744 1014 2822 dimfio
1056 2738 1143 2798 ab
1179 2735 1548 2822 Octauiano
1580 2735 1789 2815 facta
1826 2726 1953 2808 eft,-
2014 2726 2100 2788 de
2140 2747 2273 2811 qua
2300 2747 2362 2788 v.
2392 2723 2688 2806 Appian.

614 2860 804 2927 Ciuil.
833 2848 1079 2924 lib.1V‚
1097 2848 1160 2913 5.
1210 2836 1567 2926 (ed.Amst.
1608 2844 1793 2922 1670,
1813 2859 1882 2922 p.
1902 2836 2086 2919 954.)
2133 2838 2267 2895 Dio
2295 2831 2572 2900 XLVII,
2596 2836 2690 2910 14.

614 2970 801 3037 Ante
858 2963 1071 3024 enim,
1161 2971 1361 3035 quam
1419 2949 1760 3007 Antonius
1796 2960 1862 3005 et
1919 2945 2329 3005 Octauianus
2377 2937 2697 3015 aduersus

619 3073 901 3160 Caffmm
943 3082 1010 3128 et
1051 3067 1328 3125 Brutum
1366 3054 1974 3140 proficiscerentur,
2037 3054 2171 3110 icto
2222 3047 2317 3107 ad
2360 3048 2700 3106 Mutinam

600 3181 929 3270 foedere,
987 3190 1160 3259 quae
1200 3166 1289 3245 est
1330 3163 1607 3244 infamis,
1633 3160 1753 3219 illa
1791 3159 2315 3218 Triumuirorum
2352 3156 2580 3235 pactio
2613 3151 2699 3215 l'.

627 3295 696 3360 C,
731 3311 805 3372 7¹
826 3309 848 3348 1
871 3328 895 3354 ,
953 3294 1028 3341 vt
1077 3274 1475 3337 exercitum,
1544 3288 1629 3326 ex
1666 3267 2004 3326 veteranis
2027 3263 2191 3345 fere
2237 3261 2703 3340 conscriptum,

625 3403 704 3464 in
731 3392 883 3478 fide
925 3388 1327 3448 retinerent,
1399 3373 1717 3436 militibus
1751 3386 2026 3457 praeter
2067 3371 2210 3429 alia
2247 3369 2554 3450 praemia
2597 3386 2704 3426 co-

629 3506 846 3568 lonias
888 3494 1150 3557 ‘orbium
1187 3486 1616 3551 Italicarum,
1690 3495 1757 3541 et
1795 3478 2027 3562 opibus
2071 3492 2137 3537 et
2171 3475 2326 3556 solo
2369 3488 2434 3533 et
2471 3470 2705 3553 aedifi-
2795 3443 2809 3455 ο

585 3691 610 3694 j
632 3614 753 3675 ciis
805 3610 979 3668 inter
1022 3614 1275 3660 ceteras
1339 3587 1725 3669 insignium,
1811 3585 2210 3659 octodecim,
2300 3601 2472 3667 quae
2518 3578 2710 3659 Gaffii

627 3732 858 3806 partes
894 3707 1244 3793 amplexae
1285 3712 1518 3767 erant.-
1580 3698 1758 3755 inter
1804 3716 1971 3777 quas
2021 3694 2287 3773 Capua,
2358 3690 2708 3768 Rhegium,

637 3820 965 3900 Venusia,
1030 3819 1513 3878 Beneuentum,
1565 3802 1891 3871 Nuceria,
1949 3799 2371 3868 Ariminum,
2434 3795 2708 3859 Vibona

637 3951 707 4006 et
751 3934 1075 3994 Cremona
1121 3928 1607 3980 memorantur,
1684 3910 2164 3992 promise-erum,-
2240 3906 2300 3967 Ιι.
2347 3926 2400 3968 e.
2457 3922 2716 3986 recepe-

641 4055 800 4103 runt
845 4025 920 4096 in'
937 4033 1058 4113 se,
1105 4023 1199 4105 *se
1239 4044 1386 4097 eos,
1462 4018 1631 4079 bello
1661 4018 1967 4099 feliciter
2013 4015 2352 4096 confecto,
2439 4015 2511 4072 in
2563 4012 2716 4072 illas

641 4147 870 4212 vrbes,
937 4154 1280 4222 tamquam.
1324 4128 1651 4199 colonias,
1711 4122 2149 4192 deducturos,
2191 4138 2256 4181 et
2300 4142 2548 4192 eorum,
2601 4122 2717 4203 qui

647 4274 826 4319 riuuc
874 4246 1276 4310 incolerent,
1358 4254 1559 4320 agros
1626 4233 1710 4295 iis
1762 4229 2200 4316 affigtiaturos
2253 4231 2395 4314 effe.
2501 4228 2719 4312 Quam
