3075 5114
706 352 1345 441 SECVNDAE
1402 348 2025 425 EDITIONIS

2229 376 2468 427 XXXV

447 605 455 611 ·
513 567 932 645 Induxerat
970 564 1053 639 in
1102 561 1436 633 animum
1481 553 1826 631 librarius
1847 609 1867 645 ,
1930 551 2284 632 honestus
2330 561 2462 655 vir,

366 721 819 782 ornamenta
871 695 1152 777 addere
1205 692 1389 767 huic
1444 690 1760 766 editioni
1814 686 2068 790 figuris
2113 715 2291 767 aere
2339 712 2467 769 ex-

366 839 644 945 preffis.
750 839 930 911 Non
967 830 1173 906 soleo
1213 825 1572 930 equidem
1599 823 1781 900 huic
1827 822 2195 900 librorum
2222 831 2467 929 pretia

374 964 1043 1054 excandefaciendi
1104 961 1415 1040 consilio
1456 960 1785 1035 multum
1844 960 2209 1056 tribuere3
2302 989 2466 1038 om-

377 1116 561 1191 nino,
610 1111 815 1183 enim
855 1129 900 1176 a
936 1102 1123 1176 luxu
1162 1097 1318 1173 hoc
1359 1095 1938 1199 typographicO,
2004 1101 2088 1171 in
2125 1123 2283 1201 quo
2322 1123 2465 1173 no-

373 1245 517 1323 stra
569 1261 777 1320 aetas
838 1230 974 1312 fibi
1031 1232 1317 1336 placet,
1423 1257 1694 1335 parum
1754 1234 2080 1310 vtilitatis
2127 1233 2225 1307 ad
2276 1232 2465 1336 ipsas

372 1382 659 1457 litteras
715 1394 794 1452 et
851 1372 1300 1447 litteratores
1349 1366 1720 1471 proficisci
1775 1370 2029 1464 video;
2120 1368 2468 1472 quando-

376 1516 689 1620 quidem
739 1531 901 1584 non
957 1502 1093 1578 nifi
1134 1503 1509 1605 opulentis
1548 1503 1980 1581 hominibus
2024 1503 2203 1578 talia
2237 1530 2467 1608 appe-

374 1674 537 1731 tere
582 1651 797 1738 licet3
881 1657 1143 1719 emunt
1197 1655 1455 1714 nutem
1499 1639 1610 1712 illi
1652 1639 1895 1715 studio
1948 1664 2179 1732 vano,
2260 1659 2338 1715 vt
2384 1646 2467 1715 in

371 1788 688 1892 pulpitis
746 1796 826 1857 et
884 1773 1232 1852 cancellis
1297 1772 1652 1876 pretiosas
1697 1775 1832 1851 has
1893 1800 2112 1878 opes,
2205 1799 2309 1849 ne
2352 1781 2476 1855 inp

373 1917 662 2019 spectas
703 1911 1051 2015 quidem,
1127 1908 1571 2001 occludant3
1649 1909 1864 1985 nolui
1908 1930 2165 1986 tamen
2218 1908 2469 1991 deess'e

372 2052 667 2135 librarii
721 2051 950 2138 votis,
1044 2063 1281 2146 vtque
1356 2043 1606 2146 aliqua
1670 2044 1922 2122 saltem
1969 2046 2239 2123 lectori
2290 2073 2474 2123 cum

372 2188 763 2288 'voluptate
797 2199 1185 2284 pararetur
1221 2179 1491 2255 vtilitas
1509 2236 1531 2274 ,
1599 2179 1994 2284 diligenter
2043 2179 2465 2286 conquifiui

379 2342 459 2400 et
515 2319 763 2419 delegi
810 2334 1307 2392 monumenta
1350 2321 1693 2418 antiqua,
1775 2344 1973 2421 quae
2033 2343 2210 2394 cum
2252 2317 2480 2401 versu.

382 2458 636 2560 aliquo
705 2452 1118 2554 virgiliano
1177 2449 1376 2528 forte
1457 2458 1994 2546 conuenirent;
2083 2452 2338 2531 saltem
2387 2473 2470 2528 vt

384 2591 570 2672 lusui
607 2586 994 2692 ingenioso
1040 2586 1251 2664 locus
1294 2585 1496 2664 effet.
1601 2588 1904 2667 subieci
1945 2590 2333 2667 Volumini
2359 2590 2478 2668 vla-

382 2733 568 2804 timo
611 2725 864 2802 fontes
921 2725 1198 2800 horum
1255 2739 1912 2815 ornamentorum,
1996 2726 2193 2801 vnde
2233 2731 2471 2827 petita

378 2865 543 2950 lint.
638 2861 739 2940 ld
779 2861 1088 2965 quidem
1127 2885 1403 2936 cauere
1437 2857 1690 2952 volui,
1770 2883 1872 2936 ne
1912 2864 1995 2934 in
2042 2860 2311 2937 eadem
2352 2886 2470 2934 ar-

377 3042 575 3107 modo
605 3042 803 3103 factus
832 3033 921 3100 est
931 3079 955 3111 ,
1035 3057 1223 3120 quem
1258 3056 1380 3120 pro
1468 3031 1715 3112 honoro
1760 3033 2137 3120 eompellant
2195 3033 2328 3095 Vir
2362 3032 2472 3096 Ill.

381 3167 531 3210 vero
547 3166 621 3207 ac
645 3139 803 3206 iusto
821 3140 1052 3203 habere
1082 3161 1215 3202 non
1243 3139 1383 3222 pos·
1465 3139 1699 3199 Totum
1719 3135 1885 3198 hunc
1910 3157 2150 3198 morem
2179 3136 2470 3212 facetum,

378 3247 544 3326 suin:
626 3268 767 3307 cum
794 3267 852 3306 v.
885 3266 939 3307 c.
992 3242 1274 3306 scribitur
1313 3246 1383 3302 in
1464 3240 1570 3302 seu
1599 3245 1800 3301 verius
1829 3243 2135 3321 ineptum,
2164 3261 2292 3323 quo
2324 3261 2473 3300 cae-

378 3368 656 3414 extrema
686 3350 858 3410 linea
883 3368 1059 3407 auc·
1089 3352 1160 3408 in
1193 3346 1384 3407 altera

378 3471 687 3523 tamnus,-
756 3473 846 3533 ag
872 3486 902 3501 -
927 3469 1118 3519 men,
1197 3463 1261 3509 et
1302 3445 1385 3508 fic

374 3579 593 3643 porro.
707 3555 834 3616 Aut
876 3551 924 3615 fi
961 3555 1383 3632 interpunctio

383 3662 466 3722 ad
503 3661 739 3722 calcem
794 3654 1229 3739 parentheseos
1268 3675 1385 3736 po·

382 3743 582 3838 nitur,
660 3777 725 3823 et
761 3750 843 3821 fic
877 3760 1014 3819 alia.
1082 3752 1386 3818 'Nomini-

385 3865 500 3928 bus
531 3870 811 3927 virorum
840 3861 1189 3936 doctorum,
1228 3882 1385 3946 quos

387 3971 872 4042 commemoraui
884 4010 909 4042 ,
948 3970 1229 4048 inprimis
1264 3969 1388 4028 vita

388 4075 860 4144 defunctorum,
927 4069 1105 4131 nolui
1154 4067 1385 4150 vbique

387 4178 655 4238 adiicere
699 4174 954 4234 honon‘s
990 4166 1218 4232 cauffa:
1259 4171 1388 4231 Vir

384 4281 483 4350 cl.
530 4295 646 4346 ιω
686 4296 819 4365 quo
861 4295 1033 4340 nunc
1065 4273 1127 4339 se
1160 4289 1386 4337 mutuo

1468 3339 1685 3404 dimus
1759 3358 1828 3403 et
1907 3338 2185 3403 totidem
2249 3341 2471 3423 plagis

1469 3448 1907 3524 confimrimus
1933 3442 2198 3523 hostem,
2233 3449 2478 3507 vtinam

1467 3550 1772 3612 sublatum
1860 3547 1982 3612 effe
2051 3548 2239 3611 vellet
2303 3564 2473 3624 oetan

1468 3650 1695 3716 nostra.
1812 3652 1962 3713 Non
1994 3674 2067 3713 ex
2094 3654 2237 3714 loco
2268 3668 2333 3714 et
2369 3674 2472 3714 or·

1471 3749 1618 3817 dine
1649 3776 1721 3816 ac
1750 3755 2083 3837 dignitate,
2138 3776 2354 3816 verum
2393 3777 2470 3817 ex

1467 3863 1749 3943 ingenie,
1806 3857 2085 3918 doctrina
2118 3871 2184 3921 et
2210 3863 2467 3933 meritis,

1468 3968 1584 4024 viri
1607 3963 1858 4022 litterati
1885 3962 2022 4023 sunt
2052 3963 2375 4037 censendi;
2405 3980 2472 4025 et

1467 4068 1729 4127 nomine
1761 4069 2097 4147 cuiuspiam
2126 4066 2339 4130 audito
2383 4065 2480 4130 gf..

1469 4168 1840 4252 surgendum
1869 4165 1975 4243 est,
2031 4189 2166 4231 non
2193 4170 2377 4232 titulo
2406 4159 2477 4229 ρι’

1469 4271 1713 4336 honore
1748 4276 2177 4358 pronuntiato.
