3075 5114
600 350 754 425 520

1059 342 1143 415 P.
1189 339 1688 419 VIRGILII
1750 339 2302 417 MARONIS‘

612 539 1044 634 Magnaque
1083 554 1254 604 cum
1298 552 1576 626 magno
1602 532 1854 602 veniet
1895 533 2157 601 tritura
2192 529 2482 620 celore3
2563 555 2706 629 ¹90

610 673 711 746 At
760 666 811 741 fi
860 667 1155 738 luxuria
1216 662 1578 737 foliorum
1636 662 1997 737 exuberat
2054 665 2350 739 vmbra:

616 801 1154 904 Nequidquam
1205 803 1503 900 pinguis
1563 798 1779 900 palea
1825 817 2019 872 teret
2062 823 2238 872 area
2286 800 2600 875 culmos.

719 941 1024 1013 Semina
1060 936 1216 1012 vidi
1259 935 1614 1038 equidem
1642 932 1920 1008 multos
1948 932 2329 1010 medicare
2359 934 2704 1029 serenteS,

783 1139 876 1193 ¹9¹
921 1123 1177 1176 luxuries
1217 1119 1364 1175 Voss.
1411 1121 1485 1198 {ta
1523 1122 1727 1174 vmhra
1771 1117 1906 1172 foret
1946 1116 2088 1174 casu·
2145 1119 2331 1174 sextus.

2442 1120 2710 1174 Iaxartae

623 1209 784 1263 Rom.
814 1208 986 1262 Pierii.
1071 1210 1299 1262 luxurie
1325 1205 1559 1259 Parthas.
1592 1219 1643 1259 et
1667 1203 1813 1257 Huls.
1844 1205 1895 1257 in
1939 1205 2024 1258 ed.
2053 1206 2444 1288 Cuningham„
2505 1208 2592 1279 qui
2635 1206 2714 1262 est

625 1294 824 1364 Regius
854 1295 1066 1357 Burm.‚
1132 1310 1290 1367 atque
1333 1292 1402 1345 fic
1430 1293 1486 1344 in
1518 1291 1702 1344 eadem
1734 1289 1858 1343 edit.
1894 1289 2181 1362 expressum
2223 1291 2315 1346 est.
2409 1296 2714 1346 luxurians

629 1379 771 1431 coni.
814 1378 1033 1432 Heinfii.

628 1465 788 1517 Pierii
823 1465 1115 1540 Mediceus.

1141 1378 1604 1450 exsuperav'duo
1640 1376 1783 1450 apud
1824 1376 2076 1441 Martia„
2149 1378 2343 1432 vitiose.
2444 1381 2712 1434 exubere-t

1280 1480 1376 1534 ¹9²
1411 1472 1644 1536 pinguis
1697 1465 1873 1534 palea
1925 1460 2106 1516 Heius.
2154 1482 2186 1515 e
2230 1465 2426 1520 Medic.
2467 1482 2518 1520 et
2561 1467 2710 1536 affin

632 1551 793 1604 etiam
823 1551 1068 1603 Romano
1097 1566 1150 1604 et
1174 1549 1372 1604 Medic.
1405 1552 1560 1603 Pierii
1576 1589 1595 1613 ,
1639 1566 1752 1604 turn
1780 1550 1927 1603 Seru.
2006 1558 2249 1620 pingues
2283 1555 2459 1624 palea
2483 1554 2705 1612 Mentel.

631 1654 711 1708 pr.
730 1651 781 1690 et
808 1637 977 1690 Goth.
1008 1636 1106 1691 sec·
1164 1645 1430 1709 pingue-ts
1454 1636 1534 1690 vel
1560 1644 1790 1708 pinguis·
1814 1636 2026 1708 paleae
2063 1636 2222 1707 vulgo
2248 1639 2467 1694 editum.
2534 1643 2712 1714 palea

630 1731 865 1794 pinguis
889 1722 1085 1778 Moret-
1113 1741 1193 1797 pr.
1266 1732 1400 1776 terit
1432 1724 1726 1777 Romanus.

615 1877 803 1961 flore
839 1901 1017 1939 nouo
1055 1881 1272 1962 pomis
1312 1877 1400 1956 se
1424 1879 1634 1961 serci-

635 1982 720 2042 lis
773 1983 973 2041 arbos
1030 1981 1371 2040 Induerat.

629 2086 928 2168 plurima
957 2082 1055 2142 vel
1081 2103 1229 2154 nux,
1250 2102 1410 2163 quae
1438 2083 1633 2143 multa

1492 2002 1635 2038 nux

520 2239 527 2244 ,
637 2183 729 2249 est
760 2191 828 2246 in
856 2184 1015 2245 filuis
1031 2225 1053 2258 ,
1102 2183 1160 2246 h.
1189 2183 1413 2267 quibus
1446 2182 1633 2245 filuae

639 2287 984 2361 abundant,
1026 2308 1084 2346 v.
1116 2285 1176 2349 h.
1207 2288 1247 2348 1.
1276 2287 1508 2361 Burni„
1530 2288 1635 2346 vel

639 2405 707 2452 vt
758 2388 862 2465 fit,
932 2390 1185 2474 quando
1244 2410 1373 2451 nux
1425 2389 1638 2473 pluri-

641 2513 856 2567 mum,
922 2490 982 2560 h,
1022 2514 1162 2554 cum
1205 2498 1507 2569 maxime,
1576 2492 1637 2554 se

640 2599 881 2660 induit:
951 2599 1177 2683 Georg.
1213 2599 1294 2673 H,
1331 2603 1452 2665 166
1513 2597 1639 2658 Ita·-

644 2701 731 2763 lia
785 2722 955 2763 auro
1022 2704 1318 2786 plurima
1383 2702 1638 2785 fluxit,-

645 2821 836 2889 ntque
904 2803 1026 2867 hoc
1114 2822 1306 2888 poeta
1372 2807 1638 2889 dignius.

645 2910 844 2970 Fetus
867 2928 1039 2970 nunc
1065 2907 1251 2972 flores
1281 2909 1418 2970 sunt
1431 2952 1451 2983 ,
1493 2927 1642 2968 mox

642 3016 717 3075 in
751 3033 962 3086 nuces,
1004 3014 1166 3075 fetus
1208 3012 1463 3085 arboris,
1509 3008 1640 3070 abi-

642 3124 787 3183 turi.
887 3115 1194 3202 Exquifite
1247 3116 1410 3176 dicta
1468 3114 1639 3174 sunt:

646 3221 695 3286 fi
717 3224 1088 3303 superant,
1155 3216 1205 3282 fi
1248 3238 1468 3281 eorum
1509 3235 1640 3279 ma-

645 3331 748 3391 ior
794 3330 976 3407 copia
1004 3319 1122 3384 est:
1172 3337 1237 3383 et
1265 3343 1383 3411 pro
1420 3321 1638 3395 altero,

648 3432 836 3491 etiam
910 3428 1207 3488 frumenti
1260 3430 1462 3487 maior
1524 3429 1642 3486 erit

648 3535 864 3613 copia:
962 3532 1224 3612 pariter
1285 3529 1644 3611 frumenta

625 3636 1017 3719 quuencur.
1100 3636 1202 3697 De
1249 3636 1495 3695 tritura
1517 3632 1641 3694 vid.

647 3740 731 3800 ad
771 3738 851 3799 vs.
893 3741 1029 3816 178.
1126 3739 1311 3799 Nunc
1351 3736 1515 3797 dicta
1553 3732 1642 3797 est

643 3862 763 3924 pro
825 3838 1035 3906 meffe.
1134 3841 1372 3900 vmbra
1414 3838 1501 3902 est
1544 3860 1640 3899 ar·

640 3943 763 4007 bor
789 3944 916 4026 ipsa
957 3944 1275 4018 vmbrosa,
1329 3942 1638 4007 frondosa.

639 4048 834 4109 'Area
878 4063 1048 4107 teret
1090 4049 1376 4118 culmos,
1434 4050 1638 4131 poeti-

520 4188 527 4193 ,
630 4171 717 4213 ‘ca
768 4154 1014 4213 ratione
1065 4172 1200 4212 non
1240 4153 1635 4236 infrequente

638 4278 793 4340 pro,
836 4255 1033 4343 ‘culmi
1073 4269 1351 4321 terentur
1376 4259 1442 4319 in
1472 4274 1632 4329 area,

1715 1877 1826 1938 inf.
1863 1878 2006 1957 298.
2069 1899 2127 1937 v.
2175 1879 2256 1938 ad
2296 1878 2525 1940 Tibun.
2562 1881 2612 1955 1,
2645 1883 2710 1958 5,

1722 2002 1801 2040 22
1859 1994 1923 2039 et
1953 1978 2153 2038 cerda
2184 1980 2265 2039 ad
2304 1979 2365 2041 h.
2416 1983 2456 2041 l.
2542 1984 2714 2045 Reli·

1719 2075 1845 2165 q'ua
1917 2069 1998 2141 [ic
2079 2084 2339 2162 iungere
2404 2081 2708 2164 praestat:

1716 2182 1908 2243 Area
2007 2185 2450 2266 nequicquam
2539 2199 2712 2249 ceree

1719 2286 2001 2359 culmos,
2097 2301 2317 2367 vtpote
2403 2292 2712 2371 pingues,

1721 2388 2130 2463 abundantes,
2151 2390 2384 2471 palea,
2413 2413 2546 2454 non
2576 2416 2715 2479 gra-

1719 2496 1835 2555 nis.
1923 2492 2133 2555 Potest
2162 2496 2329 2555 enim
2359 2499 2543 2556 etiam
2573 2503 2714 2560 iun-

1723 2600 1820 2681 gi:
1884 2616 2050 2655 area
2093 2610 2264 2658 ceree
2313 2601 2564 2659 culmos
2599 2623 2714 2660 ue-

1726 2701 2121 2784 quicquam,
2181 2699 2428 2776 frustra,
2480 2705 2713 2763 inutssi-

1724 2818 1853 2878 ter,
1887 2807 2201 2885 pingues,
2246 2826 2384 2865 cnm
2415 2825 2547 2868 non
2575 2827 2742 2890 gra--

1721 2911 1819 2969 nis
1845 2903 1963 2967 fint
1990 2911 2273 2988 pingues,
2316 2907 2420 2969 sed
2445 2912 2670 2991 palea.

1842 3011 1981 3090 193.
2028 3010 2294 3069 Semina
2330 3012 2717 3095 leguminum

1722 3114 2040 3197 intellige,
2092 3133 2239 3173 nam
2287 3117 2502 3196 paullo
2543 3116 2717 3200 post:

1706 3215 1968 3300 filiquis
2031 3216 2403 3296 fallacibus
2417 3243 2443 3288 ‚·
2538 3204 2712 3305 quest,

1727 3321 1899 3403 quod
1936 3321 2222 3381 Hallerus
2253 3322 2556 3397 censebat,
2591 3345 2710 3405 pro

1727 3423 1933 3507 gluma
1957 3421 2060 3484 seu
2090 3425 2365 3487 folliculo
2394 3426 2512 3486 dici
2539 3423 2712 3507 poss'e

1726 3527 1894 3589 haud
1937 3526 2237 3603 arbitror,
2280 3544 2345 3591 et
2391 3527 2714 3589 confirmat

1725 3632 1960 3693 Plinius
2016 3632 2249 3710 XVIII,
2301 3652 2374 3713 17
2432 3631 2592 3713 (45)
2648 3647 2716 3693 et

1726 3735 1967 3797 Colum.
1999 3733 2080 3812 11,
2109 3758 2204 3813 10,
2231 3758 2324 3798 ιι.
2353 3735 2462 3809 ΙΠ,
2494 3757 2588 3810 10,
2617 3737 2712 3809 18,

1723 3843 1833 3923 qui
1864 3840 2083 3901 diserte
2109 3841 2436 3922 Virgilium
2468 3840 2545 3901 de
2574 3839 2719 3899 [aba

1720 3942 1897 4025 loqui
1958 3939 2283 4006 affirmant.
2340 3943 2417 4003 cf.
2480 3942 2717 4010 Pallad.

1719 4048 1864 4121 XII,
1895 4051 1982 4108 tit.
2021 4069 2073 4108 1.
2122 4046 2418 4127 Geopon.
2450 4047 2530 4122 11,
2548 4050 2654 4121 35,
2678 4066 2715 4107 2

1722 4150 1862 4212 add.
1910 4172 1960 4213 c.
1999 4152 2098 4224 18,
2153 4170 2179 4209 1
2240 4163 2303 4208 et
2343 4147 2385 4208 s.
2442 4171 2516 4210 12
2567 4152 2716 4211 item

1720 4275 1772 4320 c.
1815 4262 1921 4334 lsr.
2019 4249 2144 4331 Etfi
2194 4272 2411 4314 verum
2471 4249 2591 4326 est,
2649 4254 2717 4312 i'n
