3075 5114
594 412 695 498 68

899 421 985 493 Ρ.
1016 419 1325 495 VIRG.
1374 419 1645 493 MAR.

1694 418 1940 493 BVC.
1993 421 2235 493 ECL.
2286 424 2378 493 H.

593 613 945 684 inuenies
990 608 1255 699 alium,
1313 604 1367 684 fi
1408 626 1484 680 te
1539 606 1666 681 hic
1712 602 2026 696 fastidit,
2075 606 2370 680 Alexin.

734 761 800 826 73
829 758 923 810 hic
955 755 1097 809 abest
1126 775 1156 809 a
1187 754 1439 809 Rottend.
1474 757 1571 809 sec·
1644 751 1904 828 fastidat
1922 757 2080 807 Rom.
2150 758 2373 807 Ale-tin
2406 749 2583 805 Heius.
2620 771 2698 805 ro-

596 835 776 910 posuit
816 855 847 889 e
886 834 1222 896 melioribus,
1279 834 1335 885 in
1379 836 1570 908 quibus
1603 836 1826 888 Alexin
1871 850 1928 886 et.
1953 835 2204 897 AlexIm,
2244 832 2402 906 vulgo
2427 831 2489 904 fi
2526 848 2581 886 te
2609 833 2706 886 hu:

608 1040 950 1117 imputata
1009 1036 1149 1092 vice
1198 1054 1285 1091 ne
1338 1034 1618 1096 libatam.

608 1132 802 1191 Cuius
865 1132 1180 1209 opinionis
1258 1128 1335 1186 nd
1398 1150 1625 1190 acuen-

609 1226 759 1285 dam
829 1221 1192 1285 rusticorum
1261 1223 1623 1286 industriam

611 1319 850 1382 sumum
882 1324 968 1380 vis
1004 1316 1123 1379 effe
1164 1315 1400 1379 debuit.
1480 1324 1627 1383 Am-

612 1429 919 1494 putantur
964 1427 1170 1471 autem
1218 1417 1372 1472 vites
1418 1415 1510 1476 bis
1560 1420 1626 1474 in

615 1529 813 1580 anno,
851 1512 1123 1588 primum
1158 1504 1406 1581 aestate,
1451 1511 1628 1571 dein-

565 1588 578 1604 ·
618 1603 699 1664 de
757 1599 892 1683 post
948 1602 1094 1664 Idus
1150 1602 1495 1677 OctobreS,
1563 1617 1631 1663 vt

616 1705 1043 1759 maturitatem
1112 1717 1335 1778 capere
1394 1701 1628 1781 [metus

616 1809 685 1853 et
715 1791 839 1852 sole
871 1795 1057 1873 coqui
1088 1789 1336 1871 poffint.
1379 1794 1626 1853 Cotum.

622 1887 723 1960 V,
766 1889 807 1950 5
880 1885 1337 1967 Pampinandi
1401 1903 1630 1946 autem

618 1981 862 2042 modus
917 1983 978 2040 is
1032 1981 1194 2054 erit,
1272 1996 1350 2040 vc
1408 1986 1632 2063 opacis

621 2077 786 2138 Iocis
806 2074 1225 2148 humidisque
1251 2098 1335 2135 ac
1344 2077 1633 2158 frigidis

619 2169 873 2248 aestate
897 2173 1055 2230 vicis
1084 2169 1401 2241 nudetur,
1412 2173 1633 2253 folia-

626 2287 759 2350 que
820 2265 1214 2347 palmitibus
1268 2265 1632 2327 detrahan-

622 2373 777 2430 tur,
835 2374 912 2420 ve
948 2364 1421 2432 maturitatem
1431 2365 1633 2447 sruc-

504 964 511 976 ,
587 915 836 990 fastidit
870 917 1111 974 Alexis,
1156 913 1302 985 quod
1331 929 1381 966 et
1408 915 1576 986 ipsum
1604 913 1738 968 bene
1780 912 1832 966 so
1855 913 2034 966 habet.

1709 1051 1816 1095 eus
1849 1053 2087 1112 capere
2111 1027 2330 1111 pqffie,
2369 1047 2437 1090 ec
2463 1054 2550 1090 ne
2567 1029 2708 1105 ficu

1697 1128 2062 1212 putrescat.
2091 1127 2193 1187 De
2222 1128 2410 1188 altera
2442 1126 2555 1186 hac
2584 1149 2715 1186 am·

1712 1226 2043 1304 putatione
2089 1222 2484 1303 accipiendus
2540 1222 2714 1283 locus

1708 1317 2035 1379 Theocriti
2060 1317 2200 1388 Vll,
2232 1321 2372 1395 154,
2405 1315 2577 1399 quod
2607 1301 2733 1398 apss

1711 1430 1927 1498 paret,
1969 1411 2014 1472 fi
2047 1413 2327 1474 conferas
2358 1411 2441 1472 ib.
2470 1410 2575 1472 vss.
2613 1421 2716 1490 24.

1716 1512 1817 1572 25.
1896 1506 2066 1569 Idem
2112 1512 2178 1566 in
2223 1505 2542 1567 arboribus
2583 1506 2718 1567 fieri

1712 1599 1957 1663 necesse
2003 1598 2123 1676 est,
2193 1600 2415 1684 quibus
2456 1605 2611 1662 vites
2656 1601 2719 1663 se

1716 1697 2087 1778 adiungunt,
2130 1712 2194 1755 et
2226 1694 2612 1770 sustinentur,
2632 1717 2717 1758 ne

1716 1792 1957 1862 aemula
2026 1791 2241 1853 vmbra
2292 1796 2404 1852 viti
2470 1786 2726 1855 noceat.'

1713 1889 1900 1948 Mart.
1924 1886 1983 1945 h.
2001 1887 2042 1947 l.
2102 1909 2203 1968 71.
2238 1907 2520 1971 qnorum
2543 1887 2720 1949 indi-

1708 1998 1825 2064 get
1851 1981 2023 2060 vfias,
2055 2005 2215 2066 quae
2250 1985 2331 2045 ad
2360 1984 2525 2045 vsum
2556 1989 2721 2047 vitae

1713 2077 1970 2140 rusticae
2023 2077 2389 2151 necess'aria;
2447 2079 2568 2142 scil.
2612 2102 2720 2144 vas

1718 2173 1995 2255 aliquod,
2051 2175 2150 2234 vel
2203 2175 2532 2235 calathum.
2606 2174 2721 2234 de-

1717 2285 1944 2330 texere
1970 2269 2166 2330 iunco
2199 2272 2274 2331 cf.
2294 2271 2523 2332 Tibull.
2552 2269 2632 2344 ΙΙ,
2651 2266 2720 2348 3‚'
2774 2270 2777 2275 ’

1723 2369 1819 2431 15·
1890 2365 2126 2443 mollis,
2165 2366 2404 2443 flexilis,
2435 2359 2630 2450 ὑγρός.
