3075 5114
576 300 674 374 32
1020 294 1104 367 P.
1150 295 1649 372 VIRGILII
1712 294 2239 372 MARONIS

574 491 772 548 vicina
808 480 943 542 dici
975 480 1205 563 pqffet.
1296 486 1484 542 Inter
1509 486 1959 551 Alantuanos,
2020 484 2339 567 quismnc
2367 484 2658 541 iniuriae

570 594 1040 671 indignitatem
1067 588 1422 666 subirent,
1492 590 1849 669 Virgilium
1875 591 2087 671 fuiffe
2130 589 2409 650 tradunt
2429 607 2452 650 .·
2509 610 2661 647 eum

575 700 800 761 tamen
814 741 835 771 ,
889 695 1038 769 siue
1060 696 1194 772 suo
1221 693 1374 769 fiue
1400 694 1622 771 Asinii
1648 698 1971 755 Pollionis
2005 696 2306 772 consilio,
2379 698 2661 756 Romam

565 808 946 891 profectum
987 801 1075 860 ab
1118 799 1418 880 Augusto
1469 803 1852 884 obtinuiffe,
1909 818 1981 861 vt
2022 806 2173 880 agri
2193 802 2330 878 fibi
2370 800 2661 883 rqftitue-

573 928 842 977 rentum
902 928 1037 990 qua
1079 906 1166 966 de
1194 929 1267 965 re
1306 930 1369 966 v.
1401 908 1495 967 ad
1525 911 1756 971 Vitam
1793 910 2066 988 Virgilii
2096 926 2158 972 ας
2192 913 2340 988 713,
2382 926 2458 969 vt
2486 908 2659 970 adeo

552 1019 690 1100 sub
735 1016 940 1095 Tityri
967 1014 1255 1097 persona
1278 1013 1485 1090 suam
1512 1017 1875 1096 fortunam
1900 1032 2107 1092 poeta
2135 1015 2658 1079 adumbrauerit.

572 1127 806 1206 Atque
851 1140 933 1179 ea
984 1123 1119 1179 iam
1169 1135 1468 1179 veterum
1512 1124 1735 1204 opinio
1781 1124 1951 1202 fuit.
1995 1143 2057 1181 v.
2099 1123 2462 1197 Nemel'tan.
2518 1123 2659 1186 Ecl.

574 1234 664 1298 II,
692 1232 794 1292 82.
877 1227 1182 1310 Calpurn.
1212 1228 1339 1293 IV,
1380 1230 1515 1289 162.
1637 1227 1859 1287 Sidon.
1907 1228 2016 1287 lib.
2064 1232 2117 1302 I,
2184 1228 2381 1310 Epist.
2427 1233 2501 1297 5,
2584 1245 2685 1302 ‘vt⁴

582 1334 1114 1420 Quinctilianum
1145 1347 1425 1395 taceam.
1490 1332 1681 1416 Quae
1717 1356 1822 1392 res
1847 1335 2013 1393 bene
2031 1336 2117 1413 se
2149 1336 2396 1394 habere
2410 1333 2664 1419 potest.-

577 1439 777 1503 modo
817 1440 1145 1518 allegoria
1185 1460 1321 1499 non
1365 1437 1462 1497 ad
1501 1461 1728 1499 omnes
1762 1442 1989 1519 ver-fies
2033 1457 2099 1500 et
2144 1443 2354 1500 verba
2388 1441 2662 1520 fingula

580 1548 1111 1628 circumferatur.
1231 1545 1841 1607 Grammaticorum
1884 1550 2284 1632 omninoque
2333 1552 2662 1631 Interpre-

582 1670 723 1719 tum
740 1697 764 1723 ,
802 1657 876 1713 in
918 1653 1021 1713 liis
1054 1653 1356 1722 Catroei,
1397 1653 1850 1712 intolerabiles
1869 1655 2040 1732 fiant
2080 1658 2151 1713 in
2196 1656 2521 1734 allegoria
2550 1676 2681 1713 εει-ι

573 1758 918 1850 pedienda
971 1761 1284 1836 argutiae
1334 1774 1401 1818 et
1455 1780 1694 1837 nugae.
1817 1761 2029 1819 Locus
2069 1776 2332 1829 autem,
2418 1764 2491 1820 in
2531 1781 2662 1843 quo

573 1869 874 1954 pastores
916 1867 1364 1933 conueniunt,
1437 1864 1525 1941 est
1574 1865 1672 1924 ad
1709 1866 2079 1945 vmbrosam
2100 1870 2353 1948 fagum
2400 1871 2472 1926 in
2518 1868 2663 1925 loco

579 1974 933 2038 arboribus
986 1969 1267 2046 consito,
1339 1970 1476 2047 fieb
1533 1993 1670 2055 qua
1721 1975 1977 2053 Tityrus
2031 1974 2355 2033 recubans
2386 1973 2669 2059 pallori·-

586 2086 683 2144 tio
727 2093 930 2140 cantu
978 2080 1188 2135 otium
1227 2077 1588 2153 consumit,
1644 2077 1805 2137 dum
1839 2099 2107 2158 gregem
2140 2096 2469 2139 errantem
2506 2102 2664 2160 pro·

562 2190 792 2272 spicit.
884 2184 959 2244 V
951 2183 1093 2260 erfit
1128 2198 1353 2241 tamen
1384 2183 1667 2265 52—59
1707 2189 2086 2245 accuratius
2112 2186 2503 2264 describitur
2534 2188 2665 2246 loci

577 2293 988 2377 prospectus,
1028 2302 1096 2347 et
1126 2303 1449 2371 quantum
1473 2311 1536 2349 v.
1569 2296 1673 2369 48.
1692 2306 1774 2372 49
1814 2299 2097 2375 quamuis
2129 2295 2281 2375 lapis
2311 2301 2517 2354 omnia
2550 2315 2700 2381 nus

586 2403 701 2461 dus
734 2431 818 2444 --
841 2394 1267 2474 intelligitur,
1311 2417 1394 2454 ex
1422 2396 1564 2477 ipsa
1596 2418 1816 2457 rerum
1842 2404 2149 2462 veritate.
2199 2400 2323 2459 Ad
2348 2405 2668 2483 maiorem

584 2508 688 2586 rei
727 2500 1209 2564 iucunditatem
1247 2505 1436 2585 facit
1480 2508 1824 2565 contraria
1879 2508 2156 2567 alterius
2196 2505 2479 2587 pastoris
2512 2510 2668 2587 for-

587 2630 794 2678 tuna:
835 2630 1009 2693 quae
1036 2609 1524 2689 miserationem
1551 2629 1808 2683 mouet,
1866 2631 1932 2674 et
1970 2637 2106 2699 qua
2138 2616 2310 2673 nilcil
2361 2613 2667 2692 disertius

583 2720 683 2781 ad
705 2720 912 2800 Tityri
922 2717 1328 2799 felicitatem
1358 2717 1824 2797 illustrandam
1851 2725 2357 2783 commemorari
2373 2734 2665 2804 poterat.

755 2895 923 2955 Sunt
964 2906 1188 2953 tamen
1229 2893 1440 2953 multa
1478 2896 1553 2953 in
1594 2896 1724 2955 ltac
1756 2897 2020 2975 ecloga,
2081 2901 2154 2958 in
2193 2898 2427 2983 quibus
2445 2897 2672 2983 *subti-¹

577 3001 712 3061 Iius
746 3015 993 3082 poetae
1036 2999 1360 3059 iudicium
1400 3000 1739 3076 desideres.
1826 3005 2128 3063 Primum
2166 3008 2376 3086 ipsum
2402 3007 2529 3064 hoc
2551 3026 2667 3083 ge-

580 3128 707 3166 nus
751 3107 1166 3186 argumenti,
1221 3105 1437 3188 quod,
1507 3106 1624 3181 etsi
1665 3130 1793 3188 pro
1832 3131 2019 3168 mera
2059 3111 2388 3189 allegoria
2431 3112 2669 3170 haberi

578 3216 845 3294 nequit,
931 3211 1030 3270 ad
1085 3210 1481 3288 allegoriam
1542 3227 1764 3272 tamen
1831 3214 2318 3298 quodammodo
2380 3216 2665 3286 accedit,

575 3317 884 3401 adeoque
923 3320 990 3381 in
1024 3331 1347 3397 perpetuo
1389 3337 1614 3377 rerum
1655 3339 1738 3379 ac
1765 3320 2119 3380 verborum
2163 3324 2303 3401 lusu
2335 3323 2663 3400 versatur,

574 3427 696 3486 vix
722 3424 903 3502 satis
953 3441 1268 3500 magnam
1313 3424 1725 3501 grauitatem
1780 3448 1864 3485 ac
1916 3425 2314 3505 dignitatem
2368 3449 2667 3512 vnquam

573 3528 823 3589 habere
868 3527 1099 3608 potest.
1185 3529 1324 3589 Nec
1360 3532 1433 3588 in
1474 3551 1553 3591 eo
1590 3537 1816 3613 potuit
1845 3538 2030 3595 vitae
2074 3535 2353 3614 rusticae
2382 3537 2667 3618 propria

569 3639 675 3720 vis
703 3655 786 3694 ac
830 3638 1007 3708 ratio
1058 3633 1558 3716 (characterem
1598 3642 1893 3723 vocant)
1934 3658 2112 3702 recte
2130 3644 2426 3721 seruari.
2525 3644 2669 3703 Vix

572 3762 613 3801 e
639 3723 937 3823 *persona
981 3739 1266 3821 pastoris
1331 3743 1701 3827 apotheosis
1771 3748 1891 3807 illa
1961 3749 2108 3808 lteri
2159 3751 2340 3828 satis
2393 3750 2667 3833 placere

570 3850 801 3927 potest.
861 3849 1287 3929 Comparatio
1313 3868 1541 3939 autem
1548 3854 1677 3930 seu
1705 3854 2034 3933 allegoria
2057 3876 2193 3914 non
2219 3858 2464 3940 vbique
2490 3878 2665 3916 com-

575 3952 771 4013 mode
789 3951 1113 4034 procedit.
1237 3959 1347 4018 Sic
1370 3981 1434 4018 v.
1470 3962 1551 4022 28
1592 3962 1888 4040 Tityrus,
1938 3977 2011 4022 vt
2053 3963 2430 4024 libertatem
2455 3964 2665 4041 fitam

570 4061 912 4141 impetret,
952 4062 1228 4121 Romam
1238 4066 1684 4145 proficiscitur
1695 4090 1720 4138 ,-
1789 4067 2041 4128 obtinet
2073 4069 2161 4128 ab
2188 4070 2346 4131 liero
2379 4070 2659 4131 liberta-

572 4181 703 4227 tem
742 4186 975 4246 greges
1004 4169 1365 4250 pascendi:
1445 4170 1613 4255 quid
1652 4174 2055 4236 mirabimur·
2070 4177 2197 4239 lcoc
2236 4182 2512 4259 sactum
2522 4219 2545 4252 ,
2593 4175 2663 4251 fi
