3075 5114
612 359 767 442 234
1270 356 1875 435 EXCVRSVS
1947 361 2034 433 11

611 549 819 610 mania
849 541 1085 606 caesum
1113 545 1237 605 iam
1267 544 1389 626 ipsa
1423 561 1776 628 temporum
1807 552 1968 609 ratio
2011 547 2313 627 excludit3
2364 545 2408 610 fi
2438 549 2693 633 quidem

606 649 878 714 florente
919 663 1120 708 aetate
1170 649 1454 731 Virgilius
1512 648 1637 711 hoc
1685 671 1935 712 carmen
1981 650 2223 731 scripsit.
2322 651 2556 712 Eadem
2614 653 2693 714 de

608 751 805 818 caussa
847 752 1056 813 locum
1101 769 1219 811 nec
1259 749 1446 812 habet
1481 753 1556 813 P.
1582 753 1874 834 Affenus
1921 752 2225 831 (scribitur
2256 769 2321 815 et
2348 755 2693 835 Alploenus

576 859 581 866 '
608 873 675 920 et
704 855 1029 936 Affinius)
1064 853 1308 927 Varus,
1346 854 1482 915 Cos.
1510 860 1659 934 754,
1699 857 1926 917 nobilis
1952 857 2158 932 ICtus,
2207 858 2286 918 ad
2316 880 2502 941 quem
2533 859 2695 919 male

608 961 878 1024 retulere
909 958 1154 1017 Horatii
1184 958 1392 1017 locum
1418 959 1543 1017 Sat.
1578 960 1638 1031 1,
1671 956 1734 1033 3,
1777 960 1913 1021 130.

739 1063 946 1123 Alium
977 1060 1304 1141 Affentcm
1332 1060 1591 1119 Varum
1627 1059 1703 1122 ab
1733 1057 2006 1143 Augusto
2034 1061 2519 1143 Transpadanae
2548 1081 2696 1143 pro-

607 1170 849 1228 vinciae
892 1180 953 1224 et
998 1166 1156 1245 agria
1201 1163 1557 1225 diuidundis
1611 1164 2027 1246 praefectum,
2095 1186 2177 1227 ne
2233 1167 2491 1249 Virgilio
2549 1185 2696 1248 ager

609 1275 986 1351 eriperetur,
1014 1261 1297 1342 curasse,
1345 1284 1692 1328 memorant
1720 1269 2019 1329 Seruiana
2050 1269 2129 1329 ad
2162 1269 2289 1328 Ecl.
2323 1269 2432 1340 VI,
2463 1272 2502 1332 6
2533 1283 2597 1329 et
2626 1273 2696 1330 in

486 1409 491 1418 ·
605 1373 1090 1436 Pseudodonato
1136 1367 1174 1428 s.
1221 1370 1327 1432 30.
1448 1371 1634 1431 Hunc
1702 1368 1823 1432 effe
1893 1372 1972 1432 de
2039 1393 2166 1455 quo
2213 1371 2515 1454 “Virgilius
2576 1367 2694 1430 hac

605 1477 740 1539 Ecl.
771 1474 877 1536 VI.
912 1489 1039 1533 tam
1066 1471 1388 1555 magnifice
1416 1473 1697 1557 loquitur
1713 1517 1734 1547 ‚
1793 1475 2118 1556 probabile
2148 1474 2356 1535 fieret:
2414 1473 2460 1535 fi
2499 1472 2693 1536 modo

605 1580 690 1642 de
719 1578 985 1639 hominis
1010 1574 1193 1636 rebus
1227 1575 1391 1637 bello
1423 1573 1601 1661 gestis
1631 1577 1863 1661 aliquid
1894 1577 2194 1640 constaret
2209 1620 2232 1652 ‚
2292 1597 2451 1661 quae
2487 1593 2695 1638 tantae

604 1680 823 1755 estant,
864 1694 928 1740 vt
971 1684 1226 1739 carmini
1263 1687 1444 1761 epico
1474 1685 1793 1741 materiem
1825 1683 2114 1742 idoneam
2145 1681 2536 1761 praeberent.

783 1783 1256 1866 Quinctilium,
1323 1798 1575 1843 acutum
1619 1798 1681 1842 et
1722 1778 2001 1844 setierum
2055 1784 2229 1844 illum
2273 1790 2546 1843 criticum
2588 1803 2690 1865 ap.

604 1889 825 1952 Horat.
853 1890 982 1948 Art.
1015 1889 1164 1963 438,
1208 1886 1287 1946 de
1319 1891 1488 1946 cuius
1516 1899 1718 1946 morte
1749 1883 1975 1946 solatur
2003 1885 2326 1967 Virgilium
2358 1884 2529 1944 suum
2559 1887 2693 1947 Ho-

604 1999 800 2055 ratius
837 1990 865 2049 1
927 1989 1132 2048 Carm.
1181 1996 1299 2066 24,
1378 2003 1441 2048 et
1483 2008 1672 2070 quem
1724 1988 2139 2072 Hieronymus
2183 1984 2414 2047 Chron.
2469 1985 2689 2050 Euseb.

610 2089 1098 2154 Cremonensem
1148 2088 1453 2170 appellat,
1533 2104 1790 2150 enotato
1835 2095 1966 2150 eiua
2022 2108 2192 2150 anno
2236 2090 2562 2149 emortuali
2609 2090 2693 2152 ad

610 2195 864 2278 Olymp.
907 2194 1044 2272 189,
1088 2213 1112 2251 ι
1165 2192 1266 2269 (V.
1301 2191 1372 2251 C.
1404 2192 1551 2271 730,
1608 2206 1751 2252 ante
1795 2192 1866 2252 C.
1910 2193 1990 2252 N.
2039 2195 2181 2271 24),
2247 2193 2415 2251 nulla
2457 2193 2690 2254 idonea

609 2303 976 2358 auctoritate
1010 2293 1088 2355 V
1075 2297 1183 2352 ari
1210 2299 1584 2377 cognomine
1615 2295 1934 2377 appellant
1966 2296 2403 2363 Grammatici,
2439 2297 2688 2358 Seruius

609 2402 691 2462 ad
719 2400 850 2460 Ecl.
885 2399 959 2469 V,
996 2418 1098 2469 20,
1133 2412 1196 2457 et
1225 2396 1429 2458 Schol.
1463 2400 1681 2459 Horat.
1741 2400 1816 2462 cs.
1849 2400 2096 2461 Ruaeus
2138 2397 2216 2458 ad
2243 2398 2368 2464 EcI.
2403 2398 2510 2469 VI,
2543 2420 2601 2479 7.

784 2501 860 2586 Q.
907 2500 1147 2562 Acium
1189 2501 1447 2564 Varum
1487 2523 1563 2564 ex
1608 2502 1880 2565 Caesaris
1936 2504 2288 2564 Comment.
2348 2500 2427 2562 de
2475 2502 2545 2562 Β.
2605 2503 2686 2564 G.

606 2608 777 2679 VIII,
813 2610 911 2669 28.
958 2606 1021 2667 B.
1058 2606 1193 2665 Ciu.
1224 2606 1333 2678 111,
1365 2609 1446 2685 37
1490 2604 1613 2667 huc
1637 2623 1818 2670 vocat
1841 2608 2093 2693 Martin.
2122 2613 2389 2669 nominis
2416 2607 2688 2670 similitu·

602 2711 757 2773 dine
786 2712 1092 2770 inductus.
1160 2709 1241 2792 Q.
1273 2711 1461 2771 VAR.
1495 2715 1758 2772 occurrit
1783 2716 1854 2773 in
1875 2712 2064 2773 Sarda
2090 2711 2470 2797 Dactylioth.
2499 2715 2682 2796 Lipp.

604 2817 788 2897 Tom.
816 2814 897 2887 11,
930 2835 989 2886 2,
1025 2810 1165 2893 219.

644 2899 653 2911 ’
776 2919 849 2978 L.
886 2917 1132 2985 Varus,
1174 2916 1532 2996 Epicureus,
1581 2914 1852 2978 Caesaris
1885 2921 2134 2992 amicus,
2177 2933 2555 2980 memoratur
2584 2939 2686 3001 ap.

608 3021 906 3105 Quinctil.
934 3021 984 3080 1.
1014 3021 1122 3080 Or.
1156 3020 1263 3092 Vl,
1297 3019 1359 3092 3,
1393 3024 1494 3099 78.
1584 3021 1831 3080 Nullam
1865 3018 1963 3081 hic
2002 3021 2283 3083 lectionis
2328 3027 2686 3083 varietatem

602 3142 883 3187 notatam
912 3124 1128 3192 video:
1183 3138 1249 3181 vt
1290 3143 1407 3182 nec
1448 3127 1516 3183 in
1551 3124 1748 3185 altero
1775 3123 1921 3185 loco
1951 3125 2034 3197 X,
2066 3127 2128 3196 3,
2160 3128 2220 3187 8.
2326 3124 2688 3203 Virgilium

598 3226 1016 3312 pauciffimos
1053 3225 1164 3285 die
1202 3223 1624 3305 compoficffl‘e
1677 3224 1902 3303 versus
1948 3241 2186 3286 auctor
2224 3224 2315 3303 est
2359 3228 2599 3292 Varus.

775 3328 1194 3389 Indubitatum
1239 3348 1494 3411 quoque
1539 3328 1712 3388 Vari
1740 3349 1974 3390 nomen
2006 3327 2092 3389 est
2122 3350 2217 3409 ap.
2253 3331 2468 3389 Horat.
2500 3330 2555 3402 1,
2608 3331 2686 3393 18

606 3433 813 3492 Carm.
857 3430 1163 3499 Nullam,
1210 3432 1432 3503 Vara,
1473 3430 1704 3507 sacra.
1799 3433 1882 3492 Et
1906 3432 2109 3513 Epod.
2143 3433 2223 3504 V,
2257 3433 2363 3511 73,
2424 3429 2528 3490 vbi
2569 3431 2688 3491 Ca-

605 3538 775 3598 nidia
806 3539 871 3594 in
905 3556 1046 3595 eum
1062 3578 1084 3608 ,
1136 3550 1448 3618 tamquam
1478 3531 1928 3595 inconstantem
1961 3550 2319 3607 amatorem,
2361 3533 2572 3594 saeuit.

746 3635 918 3698 Nihil
946 3641 1013 3697 in
1043 3635 1132 3698 his
1163 3635 1268 3711 est,
1311 3658 1440 3721 quo
1467 3635 1853 3699 manifestum
1878 3636 2004 3711 fiat,
2048 3659 2130 3698 an
2159 3637 2238 3699 de
2271 3637 2494 3697 eodem
2517 3638 2685 3698 Varo

606 3756 841 3825 agatur.
944 3741 1072 3822 Qui
1111 3741 1356 3801 Horatii
1397 3745 1627 3801 amicus
1664 3742 1813 3815 fuit,
1884 3745 2094 3820 potuit
2136 3755 2200 3801 et
2242 3740 2485 3823 Virgilii
2527 3737 2686 3817 esse3

605 3845 819 3904 Potuit
864 3843 1028 3903 idem
1063 3842 1334 3905 Caesaris
1371 3848 1599 3904 amicus
1630 3839 1769 3904 esse.
1858 3843 1980 3904 Pro
2022 3844 2247 3904 eodem
2292 3850 2500 3925 itaque
2545 3863 2688 3903 cum

603 3946 675 4006 L.
711 3936 877 4007 Varo
910 3948 1217 4028 Epicureo
1250 3944 1601 4006 habuerunt
1628 3966 1772 4006 eum
1797 3950 1910 4005 viri
1942 3945 2145 4021 docti,
2207 3951 2273 4006 in
2302 3944 2393 4006 his
2424 3943 2687 4008 Mass'on.
2796 3973 2810 3994 ν

598 4040 732 4110 vit.
763 4050 981 4110 Horat.
1017 4071 1078 4129 Ρ.
1110 4069 1253 4109 222.
1339 4048 1558 4109 Eidem
1588 4050 1746 4109 adeo
1779 4064 1844 4109 et
1869 4046 2022 4110 haec
2045 4049 2272 4133 Ecloga
2291 4049 2378 4110 VI
2401 4050 2690 4130 inscripta

606 4152 803 4213 videri
833 4150 1061 4232 potest:
1120 4150 1167 4211 fi
1209 4172 1422 4213 verum
1469 4148 1576 4224 est,
1618 4151 1792 4234 quod
1823 4151 2020 4211 Seruii
2064 4151 2145 4212 ad
2192 4175 2246 4212 v.
2275 4156 2383 4226 51,
2441 4151 2687 4212 Phocae

607 4260 675 4320 in
708 4257 854 4317 Vita
878 4257 1052 4339 Virg.
1088 4275 1145 4314 v.
1175 4257 1280 4329 63,
1321 4256 1559 4317 Donati
1588 4259 1659 4316 in
1688 4255 1764 4315 V.
1797 4255 1876 4314 V.
1913 4254 1954 4314 s.
1989 4275 2069 4334 79
2113 4253 2235 4317 fide
2272 4256 2560 4329 traditur,
2621 4259 2688 4314 in
