3075 5114
765 454 776 472 .
821 369 1286 486 Pmonis
1352 406 1968 486 EDITIONIS
2287 431 2462 480 xxv

376 616 781 723 quomodo
829 613 961 720 ipfi
1004 613 1139 691 fibi
1192 619 1558 690 maiorem
1623 615 1903 713 ingenii
1960 631 2041 689 et
2104 614 2463 686 orationis

373 758 830 858 elegantiam
887 769 1351 854 comparent.
1489 753 1683 824 Cum
1758 768 2011 823 tamen
2073 747 2465 848 Vitgffium

377 920 559 968 eum
600 888 753 967 effe
807 884 1330 980 meminiffem,
1436 890 1520 960 in
1576 910 1730 987 quo
1788 890 2092 961 criticae
2149 883 2465 965 alicuius

384 1027 756 1102 facultatis
797 1031 1133 1127 copiam,
1196 1050 1348 1126 qua
1391 1021 1642 1096 nullus
1672 1026 2043 1121 ingenuae
2074 1019 2467 1099 doctrinae

382 1164 615 1239 homo
663 1160 819 1237 fine
865 1186 1144 1264 magno
1186 1180 1263 1236 et
1305 1157 1434 1233 suo
1474 1178 1555 1234 et
1589 1157 2059 1258 disciplinae,
2106 1158 2207 1233 ad
2237 1184 2463 1261 quam

376 1298 524 1375 sese
557 1297 919 1400 adiungit,
977 1299 1431 1375 detrimento
1462 1308 1719 1371 carere
1749 1291 1986 1396 possit,
2037 1292 2467 1370 adolescen-

378 1458 494 1512 tes
538 1441 830 1539 optime
874 1432 1145 1540 poffint
1172 1430 1305 1507 fibi
1333 1457 1631 1534 parare,
1699 1431 1912 1507 nolui
1948 1430 2066 1506 vel
2095 1430 2292 1507 hanc
2335 1436 2466 1505 vti·

378 1574 672 1648 litatem
727 1572 825 1649 ab
885 1569 1029 1646 hac
1088 1567 1427 1644 editione
1475 1566 1880 1671 seiungere.
2009 1569 2274 1669 Itaque
2311 1592 2469 1642 non

379 1708 622 1784 modo
681 1713 1045 1783 variantes
1098 1704 1466 1781 lectiones
1540 1731 1635 1780 ex
1698 1690 2247 1781 Burmanniana
2316 1703 2471 1780 edi·

384 1849 633 1936 tione,
701 1862 1002 1950 praeter
1028 1867 1306 1944 paucas
1339 1838 1635 1942 prorsus
1664 1839 2001 1929 inutiles,
2053 1860 2316 1914 omnes
2349 1865 2475 1914 ex-

386 1981 646 2083 cerpsi,
692 1987 773 2057 in
802 1978 1194 2077 meliorem
1223 1976 1571 2051 ordinem
1598 1972 1882 2077 digeffi,
1935 1976 2219 2051 iudicio
2248 1981 2474 2049 etiam

384 2119 900 2220 qualicunque
965 2138 1141 2188 meo
1199 2112 1533 2204 adiect03
1627 2138 1889 2186 verum
1959 2117 2184 2187 etiam
2241 2117 2471 2186 varias

384 2257 753 2331 lectiones
803 2274 896 2326 ex
941 2252 1298 2323 Pierianis
1340 2250 1897 2340 notationibus,
1975 2273 2174 2350 quae
2217 2251 2470 2323 Tomo

388 2389 587 2465 istius
617 2387 989 2466 Editionis
1034 2403 1300 2485 quarto
1345 2382 1662 2458 seorsum
1697 2383 2008 2461 excusae
2056 2383 2258 2475 sunt,
2309 2383 2475 2458 stib-

391 2529 620 2603 iunxi.
725 2526 840 2599 Ex
882 2524 1331 2597 Martiniana
1369 2546 1598 2621 porro
1628 2521 2074 2623 Eclogarum
2126 2540 2204 2596 et
2237 2521 2478 2596 Geor-

399 2667 737 2762 gicorum
796 2655 1229 2734 recensione
1272 2655 1554 2757 septem
1601 2658 1847 2732 Codd.
1892 2652 2296 2734 varietates'
2334 2654 2476 2732 ruia

333 2800 345 2812 '
395 2798 583 2873 locis
628 2794 934 2885 inserui,
1034 2811 1111 2868 et
1156 2817 1250 2867 ex
1298 2791 1865 2891 Edimburgenfi
1908 2791 2478 2868 emendationes

364 2930 935 3032 ,Cuninghamh
998 2926 1380 3026 ‘codicem
1408 2924 1842 3001 Mediceum
1870 2954 1915 3002 a
1946 2907 2306 3029 fogginio
2354 2952 2483 3001 ex-

398 3067 760 3174 preffum‚
844 3066 1187 3142 Vaticani
1233 3062 1539 3139 Codicis
1585 3059 2001 3164 fragmenta
2058 3085 2103 3138 a
2145 3066 2481 3138 Bottario

397 3184 704 3293 excusa,
789 3201 1088 3276 Codicis
1117 3202 1439 3274 Romani
1480 3205 1713 3275 varias
1746 3201 2142 3277 Lectiones
2185 3201 2284 3275 ad
2335 3199 2485 3278 cal·

400 3367 573 3420 cem
630 3338 726 3414 ab
787 3334 940 3440 ipso
998 3335 1328 3412 adiectas
1386 3331 1642 3409 sedulo
1711 3344 2142 3446 comparaui
2223 3359 2302 3416 et
2358 3363 2487 3413 ex·

400 3473 686 3577 scripfi3
739 3477 964 3547 trium
1001 3477 1228 3548 etiam
1260 3471 1670 3563 Codicum,
1766 3497 1959 3577 quos
2008 3498 2181 3549 oum
2227 3472 2488 3574 insigni

408 3613 664 3719 aliquo
710 3609 914 3685 bene
961 3608 1060 3683 de
1100 3632 1227 3681 me
1271 3625 1349 3681 et
1387 3606 1485 3682 de
1516 3609 1829 3709 Virgilio
1875 3611 2216 3685 merendi
2248 3607 2492 3687 studio

416 3749 544 3821 Vir
583 3742 848 3821 Illustr·
893 3743 1032 3817 1111.
1100 3746 1267 3818 Car.
1316 3742 1802 3843 Sc‘hlaegerus
1858 3764 1935 3822 et
1996 3745 2372 3823 obtulerat
2415 3763 2499 3822 et

421 3880 917 3984 inspiciendos
949 3877 1276 3971 miserat,
1325 3897 1714 3980 excerptas
1747 3880 2109 3960 lectiones
2129 3940 2148 3977 ,
2204 3883 2303 3960 de
2334 3890 2500 3989 qui-

422 4017 558 4095 bus
591 4015 852 4120 paullo
881 4013 1041 4117 post
1071 4014 1337 4106 dicam,
1392 4013 1691 4091 subieci.
1798 4019 2298 4096 Constitutum
2333 4025 2500 4124 qui-

423 4145 595 4229 dem
642 4154 739 4229 ab
797 4157 1015 4228 initio
1073 4149 1482 4246 habebam,
1591 4152 1950 4232 dilectum
2010 4158 2337 4262 aliquem
2385 4182 2506 4232 va·
2653 4153 2660 4168 ¹

425 4295 778 4367 riantium
820 4289 1275 4383 lectionum,
1365 4289 1579 4395 quod
1633 4290 1856 4370 iuss'us
1913 4321 2153 4390 eram,
2234 4294 2509 4370 facere.
