3075 5114
599 359 729 469 ,⁸4

1050 355 1136 428 P.
1181 352 1679 428 VIRGILII
1740 348 2267 428 MARONIS

622 571 697 617 n.
739 540 1079 636 Phyllida
1119 547 1335 614 mitte
1378 538 1601 627 mihi;
1693 562 1907 611 meus
1948 534 2049 613 est
2090 538 2390 631 natalis,
2434 538 2657 613 lollaz

631 679 827 752 Cum
870 673 1142 749 faciam
1180 674 1410 748 vitula
1467 701 1611 775 pro
1654 672 2026 774 frugibuS,
2100 674 2248 773 ipse
2284 679 2560 748 venito.
2624 700 2633 717 ·‘

626 837 710 883 u.
737 810 1091 909 ‚Phyllida
1138 836 1311 884 amo
1364 827 1547 886 ante
1590 809 1806 883 alias:
1905 833 2082 880 nam
2136 833 2263 884 me
2323 808 2719 885 discedere

1874 926 2085 1001 fleuit
2100 954 2120 1016 3

628 1018 1152 1162 Et,‚Longurn
1186 1059 1510 1136 formose
1541 1058 1739 1152 vale,
1773 1059 1975 1152 vale,
2029 1066 2311 1164 inquit,
2360 1063 2568 1138 Iolla.

628 1223 704 1269 n.
767 1194 1006 1273 Triste
1080 1198 1301 1299 lupus
1383 1194 1718 1287 stabulis,
1807 1201 2118 1270 maturis
2181 1195 2516 1299 frugibus
2585 1200 2718 1271 im·

1879 1328 2076 1424 bres,
2613 1337 2714 1406 80

632 1465 1046 1545 Arboribus
1092 1468 1332 1555 venti,
1406 1462 1626 1538 nobis
1667 1463 2136 1559 Amaryllidis
2178 1471 2358 1577 irae.

629 1630 715 1675 u.
747 1600 997 1721 Dulce
1044 1599 1204 1674 satis
1245 1600 1558 1691 humor,
1642 1596 1959 1699 depulsis
2009 1600 2315 1674 arbutus
2362 1600 2647 1692 haedis»,

768 1771 836 1841 76
875 1789 1028 1823 meus
1069 1783 1123 1822 et
1162 1767 1382 1823 Mentel.
1419 1778 1520 1840 pr.¹
1599 1769 1765 1823 Iolas
1805 1767 1946 1821 coni.
1992 1770 2171 1825 Burm.
2257 1773 2324 1824 At
2358 1768 2460 1824 vid.
2492 1770 2715 1823 Noram.

639 1856 728 1912 De
768 1856 1017 1929 scriptura
1061 1857 1223 1907 Iolla
1267 1874 1311 1908 v.
1355 1853 1421 1907 nd
1461 1856 1528 1915 11,
1573 1856 1657 1921 57.

1835 1871 1899 1923 77
1938 1857 2184 1907 vitulam
2222 1856 2381 1907 Rom.
2424 1870 2475 1906 et
2517 1853 2712 1907 Medic.

633 1942 819 2005 Pierii,
859 1944 989 2013 Reg.
1015 1956 1067 1994 et
1093 1939 1236 1993 Voss'.
1271 1959 1392 1992 cum
1422 1939 1505 1990 ed.
1539 1938 1675 1991 Ven.
1710 1940 1996 1992 Burmanni
2016 1931 2045 2002 ς’
2099 1942 2257 1993 etiam
2300 1939 2449 1992 Non.
2480 1937 2718 1991 Marcell.

634 2028 693 2082 in
728 2012 960 2100 secere.
1050 2025 1155 2078 Sed
1201 2022 1338 2077 istud
1378 2026 1539 2078 etiam
1577 2024 1821 2076 Priscian.
1861 2038 1918 2078 et
1954 2022 2194 2077 Macrob.

2304 2026 2469 2077 Porro
2511 2024 2717 2076 Alcuin.

634 2113 933 2167 Grammat.
989 2127 1090 2164 vet.
1148 2109 1275 2179 ipsa
1329 2118 1565 2174 venit03
1639 2131 1699 2165 ac
1753 2111 1794 2165 fi
1844 2112 1983 2165 Iota
2038 2109 2266 2163 feminae
2319 2127 2519 2162 nomen
2561 2108 2718 2163 essett

631 2198 804 2251 male:
848 2216 895 2249 v.
924 2195 1036 2248 Ecl.
1065 2197 1131 2256 11,
1160 2198 1244 2264 57.

1383 2197 1451 2249 80
1487 2196 1666 2250 imber
1695 2213 1794 2251 tre·
1822 2194 2005 2250 musti
2033 2211 2086 2250 et
2118 2198 2318 2255 Franc..
2365 2195 2511 2267 quod
2538 2196 2718 2251 Burm.

636 2283 893 2356 praefert,
981 2300 1143 2353 quum
1186 2298 1372 2333 omnes
1411 2280 1517 2333 fere
1557 2282 1714 2335 huius
1755 2281 1924 2335 versuo
1963 2298 2117 2336 voces
2156 2283 2214 2335 in
2256 2279 2467 2337 sibilum
2514 2296 2718 2336 exeant.

639 2371 705 2423 81
749 2366 1148 2441 Amasylltdos
1186 2384 1317 2418 vnus
1359 2367 1556 2421 Moret.
1602 2386 1697 2441 pro
1740 2386 1846 2420 var.
1886 2367 2007 2421 lect.

638 2504 844 2566 fructu
883 2524 1125 2577 carere,
1167 2523 1309 2565 cum
1343 2524 1505 2584 puer
1530 2525 1636 2565 ve-

597 2633 602 2638 ’
637 2613 884 2671 nationi
913 2612 1186 2668 intentus
1211 2603 1313 2675 fin
1363 2627 1498 2668 non
1527 2607 1634 2669 suo

629 2716 858 2772 amori.
950 2713 1243 2771 Ceterum
1272 2708 1426 2771 haec
1454 2732 1488 2770 a
1525 2733 1638 2792 pa-

631 2813 814 2878 ·ssoris
841 2814 1103 2898 persona
1142 2834 1228 2875 ne
1270 2814 1470 2876 aliena
1495 2812 1634 2889 sint,

643 2938 886 2982 vereor.

729 3026 832 3102 76.
875 3018 1284 3102 Intelligenda
1324 3015 1411 3080 est
1457 3016 1644 3105 Phyl-

640 3122 714 3184 lis
750 3121 924 3184 fuiffe
964 3123 1091 3184 Iiue
1135 3124 1300 3183 serua
1328 3119 1454 3182 flue
1491 3130 1643 3183 ami-

642 3247 715 3287 ca
755 3226 964 3295 Iolae3
1041 3245 1228 3308 quem
1281 3225 1641 3298 Damoetas,

640 3327 814 3411 quali
841 3326 1263 3408 praesentem,
1320 3341 1531 3409 rogat,
1577 3342 1644 3387 vt

631 3429 994 3515 Phyllidem
1028 3430 1107 3490 ad
1151 3427 1382 3488 sacrum
1422 3430 1644 3489 natali-

640 3536 799 3596 tium
857 3536 1069 3593 venire
1115 3530 1361 3592 iubeat:
1463 3533 1643 3606 alter,

605 3639 612 3646 ¹
641 3635 981 3710 Menalcas,
1036 3650 1103 3696 vt
1144 3639 1274 3696 eius
1314 3635 1490 3695 dictis
1529 3635 1644 3697 ob-

631 3752 898 3812 trectet,
981 3737 1042 3799 l'e
1098 3742 1282 3798 etiam
1331 3743 1524 3800 amari
1563 3739 1641 3801 ab

639 3861 719 3902 ea
765 3841 947 3914 dicit,
1006 3844 1153 3925 quia
1191 3839 1253 3901 se
1283 3841 1643 3905 discedente

607 3933 918 4017 ’fleuerit,
998 3963 1104 4016 ac,
1176 3958 1493 4027 tamqnam
1528 3943 1643 4026 ipfi

641 4059 852 4107 comes
884 4043 1238 4120 adhaesura,
1279 4047 1447 4110 Iolae
1475 4066 1642 4109 ama-

641 4154 765 4213 tori
843 4151 1228 4212 valedixerit:
1331 4152 1639 4230 Longum

639 4255 814 4330 vale,
852 4254 1040 4327 vale,
1074 4275 1114 4313 ο
1138 4254 1448 4332 sormql'o
1467 4255 1637 4315 Iola.

1720 2503 1854 2564 Hac
1884 2503 2011 2587 ipsa
2041 2507 2556 2586 interpretatione
2586 2503 2723 2566 sen-

1720 2614 1915 2670 tentia
1954 2609 2033 2669 de
2063 2606 2124 2669 h.
2154 2609 2195 2668 l.
2224 2606 2430 2670 nostra
2461 2607 2596 2668 satis
2628 2612 2723 2668 in-

1721 2713 2032 2795 telligitur.
2158 2712 2248 2771 Ea
2319 2726 2486 2772 certe
2558 2715 2721 2771 ratio

1720 2820 1898 2877 vnice
1926 2817 2071 2876 ferri
2105 2811 2324 2895 potest.
2408 2834 2510 2894 77.
2558 2815 2720 2873 Cum

1705 2920 1976 3000 faciam
2000 2918 2218 2977 vitula
2237 2938 2366 2999 pro
2380 2916 2719 2997 frugibus.

1728 3022 1981 3082 Sacrum
2041 3020 2415 3082 ambaruale.
2490 3023 2724 3104 Georg.

1724 3124 1790 3197 1,
1825 3127 1971 3203 345.
2027 3124 2104 3183 cs.
2136 3122 2367 3184 Tibull.
2407 3123 2459 3194 1,
2515 3144 2568 3195 ι,
2618 3143 2724 3184 21.

1726 3227 1787 3287 Π
1803 3268 1823 3299 ,
1866 3246 1919 3287 ι.
1967 3226 2213 3305 faeere
2249 3246 2378 3306 pro
2406 3223 2730 3303 frugibus

1724 3327 1890 3411 ῥέξαι
1943 3325 2096 3411 ὑπὲρ
2144 3324 2396 3391 Δαναῶν
2444 3325 2617 3385 Iliad.
2662 3349 2727 3399 α,

1728 3438 1875 3509 444.
2003 3449 2105 3511 79.
2168 3431 2470 3506 Longum
2532 3426 2688 3486 vale
2702 3469 2726 3501 ,

1725 3526 1934 3616 μακροὶ
1991 3534 2215 3616 χαῖρε,
2291 3531 2508 3591 Claud.
2568 3530 2727 3612 Rap.

1727 3636 1893 3698 Pros.
1942 3638 2069 3714 234
2169 3636 2270 3694 Sis
2322 3655 2604 3708 memor,
2661 3655 2723 3707 o,

1728 3740 2129 3822 longumque
2155 3737 2327 3800 vale.
2368 3739 2490 3800 vid.
2508 3738 2720 3798 Burm.

1727 3857 1795 3904 et
1829 3843 2049 3904 Cerda.

1812 3947 1914 4009 80.
1961 3942 2316 4004 Secundum
2349 3940 2727 4004 Theocrito&

1723 4046 1830 4108 illa
1902 4046 2077 4129 Idyll.
2161 4046 2343 4119 vul,
2417 4049 2500 4128 57
2589 4044 2720 4128 sqq.

1724 4154 1824 4214 82.
1896 4147 2176 4230 depuffoe
2227 4147 2493 4220 haedis,
2567 4145 2627 4207 h.
2683 4166 2722 4207 n

1720 4251 1881 4314 lacte
1907 4257 2180 4323 remotis.
2250 4253 2381 4313 Ecl.
2416 4250 2570 4325 vn,
2624 4251 2718 4310 15.
