3075 5114
596 362 837 414 xviii
1260 330 2057 411 PRAEFATIO

598 560 905 650 pectere
944 536 1205 615 velim:
1276 542 1522 641 primo
1567 540 1745 621 loco
1786 541 2168 636 Seruium,
2233 540 2467 620 Probi
2504 543 2685 622 laci·

600 684 800 771 nias,
877 700 1056 751 cum
1101 671 1547 778 exscriptore
1584 677 1781 752 Iulio
1813 678 2131 772 Sabino,
2180 680 2576 755 Donatum
2606 699 2687 756 et

600 815 1178 914 Philargyrium,
1273 831 1438 888 tum
1479 812 1868 889 Heinfiurn
1912 834 1991 891 et
2027 818 2572 910 Burmannum,
2637 840 2687 890 a

600 950 877 1054 'quibus
921 965 1179 1025 tamen
1215 948 1316 1022 ad
1352 953 2048 1054 interpretationem
2088 978 2356 1054 parum
2396 951 2686 1029 fructus

598 1087 832 1177 feras,
916 1083 1234 1158 Gerdam
1256 1139 1277 1175 ,
1370 1084 1687 1163 doctum
1743 1107 1823 1163 et
1866 1088 2316 1166 laboriosum
2335 1143 2356 1180 ,
2436 1093 2687 1163 minus

602 1223 803 1306 forte
837 1219 1337 1321 ingeniosum,
1387 1226 1873 1347 interpreteni
1891 1280 1910 1315 ‚
1970 1245 2269 1326 praeter
2306 1224 2690 1300 Guellium

494 1354 499 1359 ’
603 1382 685 1437 et
724 1357 1108 1449 Vrsmum,
1180 1381 1357 1435 cum
1399 1361 1763 1453 Martino,
1856 1361 2236 1439 interdum
2280 1364 2691 1435 Catroemn

604 1515 685 1573 et
719 1499 1103 1585 Ruaeum,
1151 1493 1511 1572 euoluere
1553 1492 1716 1573 satis
1756 1495 2024 1571 habui:
2095 1521 2142 1571 e
2169 1495 2442 1599 quibus
2483 1519 2690 1571 com·

601 1634 982 1708 mentariis
1009 1627 1334 1704 multum
1364 1655 1492 1705 me
1515 1629 1910 1732 profeciss'e
1935 1657 2096 1705 non
2121 1628 2422 1722 infitior,
2473 1629 2689 1732 saepe

600 1788 865 1842 tamen
898 1770 989 1839 iis
1030 1770 1113 1841 in
1149 1765 1377 1858 lociS,
1439 1772 1523 1844 in
1569 1767 1843 1874 quibus
1880 1766 2034 1868 ipse
2082 1766 2502 1859 haererem,
2550 1770 2688 1840 vti·

596 1904 824 1979 litatis
864 1928 1165 2004 parurn,
1220 1901 1455 1979 taedii
1485 1926 1663 1977 vero
1704 1900 2145 2002 plurimum,
2226 1902 2407 1981 inde
2436 1902 2533 1979 ad
2560 1927 2689 1977 me

596 2040 845 2116 redire
888 2033 1095 2114 sensi.
1193 2033 1611 2113 Destitutus
1653 2041 1855 2117 enim
1897 2037 1992 2113 ab
2031 2043 2158 2135 iis,
2217 2043 2515 2142 quoties
2555 2064 2687 2114 eo·-

598 2202 771 2250 rum
812 2197 1122 2271 operam
1172 2170 1681 2249 defiderabam
1701 2226 1721 2264 ,
1788 2178 1869 2251 in
1900 2172 2098 2267 aliis,
2165 2200 2362 2278 quae
2393 2173 2686 2248 nullum

598 2309 893 2383 alienae
948 2310 1113 2406 opis
1157 2305 1604 2382 defiderium
1649 2307 2058 2403 faciebant,
2149 2329 2304 2384 tarn
2338 2308 2685 2411 copiosos

601 2470 694 2529 ac
744 2442 1014 2516 doctos
1066 2465 1198 2513 eos
1260 2436 1408 2514 effe
1464 2440 1841 2535 videbam,
1930 2464 2044 2537 vt,
2128 2445 2521 2548 quomodo
2567 2442 2687 2518 tot

602 2579 1060 2679 elegantium
1135 2594 1215 2650 et
1292 2591 1684 2651 acutarum
1756 2578 2363 2657 obseruationum
2432 2581 2686 2660 fructu

599 2712 1111 2789 adolescentes
1167 2738 1314 2788 nec
1354 2710 1581 2814 plane
1619 2718 2028 2816 priuarem,
2106 2746 2252 2796 nec
2300 2742 2478 2794 cum
2528 2737 2687 2792 tae-

601 2852 729 2927 dio
774 2849 1144 2941 satiarem,
1211 2875 1371 2928 non
1409 2846 1635 2926 facile
1690 2855 2136 2929 inuenirem.
2243 2850 2554 2929 Offendi
2583 2852 2684 2929 ad

598 2991 745 3065 alia
785 3013 1019 3090 praue
1059 3005 1370 3087 accepta
1386 3038 1407 3077 ,
1458 2985 1658 3062 male
1688 2987 2053 3087 expolita,
2106 3007 2239 3061 aut
2272 2986 2680 3082 obscurata,

597 3150 798 3228 quae
840 3124 1027 3197 mihi
1072 3120 1235 3194 satis
1278 3119 1477 3196 clara
1517 3145 1609 3196 ao
1646 3117 2036 3224 perspicua
2075 3101 2236 3196 vira'
2260 3143 2510 3216 erant3
2577 3130 2685 3203 ita

598 3279 677 3335 vt
720 3258 1102 3335 interdum
1148 3254 1540 3347 nescirem,
1632 3259 1714 3328 in
1756 3281 1985 3357 quam
2021 3277 2316 3358 partem
2353 3285 2480 3336 me
2521 3283 2686 3335 ver-

597 3416 878 3488 terem;
958 3391 1523 3473 illustrationem
1573 3393 1776 3466 enim
1815 3390 2008 3468 haec
2070 3418 2117 3466 a
2170 3420 2299 3471 me
2358 3394 2685 3499 postula-

594 3531 804 3624 bant,
853 3557 953 3606 an
997 3554 1178 3604 vero
1221 3553 1347 3617 ea,
1394 3549 1593 3629 quae
1635 3530 1882 3601 minus
1929 3527 2127 3605 bene
2174 3530 2397 3607 allata
2444 3556 2678 3629 erant,

596 3666 1021 3746 refellerem
1051 3661 1509 3740 dubitabam.
1614 3660 1733 3738 Ab
1771 3661 1916 3740 hae
1946 3670 2163 3741 enim*
2181 3666 2686 3749 illiberalitate

598 3793 966 3880 intactum
1006 3817 1271 3901 pectus
1315 3798 1601 3904 semper
1638 3799 1906 3893 habui,
1981 3822 2063 3878 vt
2091 3801 2520 3882 refellendis
2549 3826 2684 3883 aut

600 3936 988 4015 eleuandis
1036 3935 1357 4012 aliorum
1414 3935 1634 4011 dictis
1687 3935 2074 4039 indignam
2133 3958 2213 4017 et
2269 3941 2682 4043 ignobilem

599 4073 918 4174 gloriam
949 4090 1353 4176 captarem.
1447 4073 1699 4148 Multo
1728 4078 1961 4176 magis
1989 4073 2348 4152 abhorrui
2376 4105 2420 4151 a
2444 4077 2677 4156 foedo

602 4208 735 4291 illo
780 4235 1033 4307 more,
1100 4208 1613 4291 cauillationes
1657 4208 1991 4289 scurriles
2030 4232 2108 4289 et
2140 4216 2681 4294 contumeliosa
