3075 5114
560 374 713 480 276
762 405 767 410 ·
978 373 1063 449 P.
1115 372 1619 451 v1no1L11
1675 373 2246 456 MARole-

558 571 881 642 Munera
924 559 1161 639 vestra
1207 585 1424 639 oano.
1543 564 1824 666 Tuque
1871 591 1944 657 o,
2029 572 2156 643 cui
2203 567 2443 668 prima
2500 566 2646 646 fre-

576 685 583 696 ’
1795 721 2132 775 mentem

555 832 777 914 Fudit
819 858 1138 933 equum,
1194 853 1470 930 magno
1520 829 1741 906 tellus
1786 833 2122 934 perculsa
2167 833 2493 926 tridenti,

555 975 912 1072 Neptune
929 994 951 1056 ;
1000 985 1078 1041 et
1109 965 1355 1042 cultor
1384 989 1808 1059 nemorum,
1856 974 1980 1044 cui
2006 975 2312 1072 pinguia
2341 973 2544 1046 Ceae

700 1182 761 1219 12
812 1182 847 1217 ο
890 1162 1142 1217 omittunt
1184 1159 1362 1215 Codd.
1410 1159 1581 1214 Seruii
1632 1162 1701 1217 ad
1758 1164 1888 1219 Aen.
1937 1166 1993 1227 1.
2046 1167 2143 1234 541
2205 1180 2258 1222 et
2315 1164 2488 1220 Goth.
2541 1160 2639 1218 sec-

561 1252 625 1308 13
663 1249 834 1304 Fudit
860 1268 1072 1320 aquam
1102 1245 1486 1319 antiquifflmos
1516 1247 1679 1301 libros
1711 1248 1947 1304 habuisse
1974 1251 2189 1306 testatur
2216 1252 2461 1314 Seruius;
2505 1249 2644 1303 male

552 1350 736 1390 tamen
762 1334 907 1388 haud
935 1334 1108 1397 dubie,
1149 1328 1295 1406 'quod
1324 1331 1502 1390 fabula
1531 1334 1600 1386 do
1627 1354 1766 1408 equo
1795 1336 1977 1411 paullo
2003 1339 2169 1410 magis
2197 1338 2471 1392 recondita
2500 1333 2637 1396 effer,

452 1425 459 1432 ‘
554 1421 625 1474 de
646 1439 785 1495 aqua
808 1439 929 1475 vero
958 1419 1113 1473 facile
1137 1419 1493 1493 vnusquisque
1520 1422 1792 1494 cogitaret.
1864 1423 2014 1477 Idem
2041 1425 2108 1478 sd
2136 1429 2265 1480 Aen.
2295 1426 2338 1484 1.
2371 1443 2391 1477 1
2428 1422 2637 1480 laudm

555 1515 653 1561 out
681 1515 869 1577 prima
887 1505 1216 1579 surene0m5
1269 1504 1357 1559 sed
1383 1505 1504 1560 eod.
1534 1506 1626 1562 lib.
1654 1528 1702 1563 v.
1728 1512 1825 1579 541
1857 1509 2210 1583 frementem
2243 1510 2421 1564 babet.
2507 1509 2642 1563 Mox

553 1593 805 1648 tridente
833 1592 1067 1647 Gudian.
1098 1591 1279 1647 Scbol.
1306 1591 1460 1648 Statii
1490 1608 1542 1648 ει
1569 1579 1783 1668 {vterque
1809 1595 2115 1651 Gothanus.
2234 1608 2296 1663 14
2336 1599 2523 1650 cultor
2545 1613 2643 1665 pe-

555 1699 751 1735 corum
789 1679 927 1734 coni.
974 1681 1050 1733 lo.
1082 1679 1359 1749 Schrader.
1404 1679 1462 1732 in
1498 1677 1733 1744 schedis,
1791 1683 1914 1754 quia
1955 1702 2194 1737 nemora
2232 1698 2285 1737 et
2324 1684 2552 1737 dumeta
2590 1678 2642 1733 se

552 1766 847 1839 excipiunt,
890 1763 1142 1820 etstatim
1168 1784 1218 1818 v.
1255 1769 1318 1821 16
1353 1766 1543 1820 iterum
1586 1787 1792 1820 nemus.
1865 1768 1955 1822 sic
1998 1759 2186 1823 cultor
2224 1767 2521 1839 pecorum}
2586 1781 2642 1820 vt

549 1871 599 1907 v.
628 1854 659 1907 3
702 1861 799 1923 qul
828 1852 1010 1905 cultus
1035 1851 1308 1905 habendo
1334 1849 1418 1922 su
1452 1862 1692 1924 pecori:
1740 1868 1794 1906 et
1819 1852 2029 1908 Sallust.
2057 1856 2168 1925 lug.
2202 1857 2284 1921 54.
2316 1857 2348 1908 3
2400 1860 2531 1924 agri
2559 1845 2639 1904 'ac

546 1947 775 2013 pecori-r
810 1947 995 2010 magi-r
1036 1958 1206 2011 quam
1248 1939 1384 1990 hem
1425 1940 1712 1991 cultorem.
1788 1940 1940 1991 Ceae
1976 1939 2044 1993 de
2091 1940 2342 2011 scriptura
2374 1936 2495 2009 post
2521 1938 2638 1989 Pie-

548 2027 688 2080 rium
711 2025 814 2078 vid.
846 2023 1024 2077 Heius.
1058 2023 1128 2076 ad
1156 2022 1319 2076 Ouid.
1348 2020 1510 2090 Epist.
1545 2022 1665 2084 XX,
1701 2039 1820 2076 222.
1905 2022 1996 2077 Est
2017 2025 2184 2085 Κέω,
2238 2026 2388 2079 Κίος.
2477 2021 2636 2075 Vnde

549 2118 721 2172 Κεῖος,
771 2125 823 2162 et
856 2127 919 2161 ex
945 2109 1069 2170 hec,
1112 2106 1374 2179 preducta
1414 2106 1619 2181 priore,
1672 2107 1934 2163 Romanis
1976 2110 2110 2163 Cea.
2193 2106 2342 2163 Male
2386 2105 2635 2178 scriptum

549 2193 741 2269 passim
772 2195 979 2250 canae.

551 2345 870 2412 tamquam
925 2327 1080 2390 deae
1129 2324 1420 2390 filuarum
1485 2343 1553 2389 et

548 2432 845 2504 saltuum,
924 2434 994 2493 in
1050 2429 1274 2516 quibus
1330 2451 1551 2517 greges

456 2551 469 2559 ·
545 2535 894 2621 pascuntur.

647 2661 741 2700 12.
791 2640 1151 2724 Sequuntur
1193 2639 1547 2720 Neptunus,

547 2740 854 2806 Aristaeus
871 2785 892 2817 ,
992 2743 1163 2816 Pars,

549 2868 692 2908 eum
748 2846 1038 2906 Siluano:
1119 2867 1177 2906 v.
1233 2845 1315 2905 ad
1368 2866 1427 2905 v·
1485 2848 1547 2908 6.

544 2948 837 3010 Mu'nera
865 2946 1115 3026 vestr-a,
1153 2968 1229 3009 ex
1261 2947 1545 3008 anteced.

543 3052 893 3128 frumenta,
963 3050 1191 3125 vitem,
1244 3065 1546 3123 armenta,

546 3156 788 3239 greges.
915 3155 1026 3212 oui
1094 3155 1327 3236 prima
1392 3154 1548 3233 fre·

548 3273 840 3316 mentem
875 3254 1076 3317 Fudit
1115 3276 1396 3338 equum,
1439 3276 1548 3316 cu·-

541 3362 639 3421 ius
712 3355 869 3419 iuss‘u
939 3363 1209 3441 primum
1272 3379 1309 3420 e
1383 3374 1546 3419 terra

541 3484 742 3545 equus
796 3460 995 3522 editus
1040 3458 1144 3523 est.
1206 3490 1209 3495 ’
1248 3464 1415 3523 Nota
1453 3462 1546 3522 fa-

540 3564 725 3639 bula,
794 3563 1269 3626 Atheniensibus
1328 3565 1545 3626 dome-

542 3666 713 3742 stica,
773 3668 853 3731 de
898 3669 1180 3750 Neptuni
1224 3690 1364 3729 cum
1406 3669 1546 3729 Pal-

541 3772 687 3833 lade
723 3776 1078 3846 certamine,
1134 3793 1273 3833 cum
1320 3771 1407 3833 dii
1447 3792 1543 3832 ar-

540 3874 795 3935 bitrium
853 3871 1155 3949 tuliss‘ent,
1230 3889 1327 3948 vt,
1406 3889 1545 3936 vter

539 3998 676 4038 rem
743 3976 1106 4041 mortalibus
1175 3972 1541 4037 vtiliffima'm

479 4145 483 4153 ,
536 4076 951 4162 produxiss'et,
1066 4083 1196 4141 eius
1279 4085 1539 4142 nomine

538 4201 709 4244 :noua
751 4181 892 4243 vrbs
933 4180 1268 4264 (Athenae)
1328 4184 1544 4264 appel-

538 4285 802 4365 laretur.
837 4286 911 4350 cf,
956 4287 1158 4353 Bentl-
1196 4288 1276 4352 ad
1321 4288 1537 4354 Horat.

1635 2330 1840 2391 Carm.
1896 2329 1961 2406 1,
2007 2351 2068 2412 7,
2110 2351 2172 2414 7.
2301 2329 2633 2411 Neptunus

1599 2433 1783 2494 x*inde
1831 2430 2052 2506 firmo.
2139 2431 2445 2500 Fundere
2486 2454 2634 2515 pro·

1633 2537 1773 2620 prie‘
1800 2537 1878 2600 de
1906 2554 2088 2621 partu
2126 2537 2290 2600 felici
2331 2557 2404 2599 ac
2430 2537 2632 2617 facili;

1635 2639 1781 2705 hinc
1862 2647 2121 2705 omnino
2139 2684 2159 2715 ,
2277 2661 2630 2724 procreare.

1259 2741 1551 2803 Minerua
1625 2744 1931 2830 pereuffa
1981 2743 2295 2819 tridenti,
2371 2743 2633 2804 sollenni

1633 2850 1895 2911 deorum
1941 2869 2148 2921 more,
2222 2852 2467 2931 quoties
2521 2846 2633 2906 ali-

1632 2953 1785 3037 quid
1825 2973 1861 3013 e
1918 2967 2080 3013 terra
2124 2954 2458 3033 prouenire
2522 2968 2650 3010 vo·

1629 3056 1785 3117 lunt.
1814 3076 1872 3116 v.
1895 3052 2254 3116 Callimach.
2284 3053 2626 3122 inDel.30,

1627 3162 1697 3219 in
1737 3159 1870 3221 Iou.
1919 3178 1998 3238 29
2037 3157 2122 3241 sq.
2259 3163 2353 3234 14.
2400 3153 2630 3216 cultor.

1629 3281 1995 3333 nemorum,
2040 3256 2101 3320 h.
2146 3279 2201 3320 e.
2242 3256 2625 3339 pascuorum,

1630 3358 1928 3447 adeoque*
1960 3378 2025 3425 et
2067 3381 2344 3445 gregum,
2417 3378 2630 3417 curam

1628 3464 1885 3539 habens,
1936 3462 2022 3529 est
2062 3462 2385 3535 Aristaeus,
2431 3458 2628 3541 Apol·-

1627 3568 1766 3645 linis
1815 3584 1877 3629 et
1919 3570 2193 3654 Cyrenes
2241 3565 2399 3626 filius
2413 3605 2435 3636 ,
2494 3564 2624 3645 qui,

1629 3671 1999 3757 Cycladibus
2067 3688 2292 3754 magna
2353 3663 2627 3731 siccitate

1627 3789 1690 3835 et
1717 3771 2175 3847 fameafflictis,
2220 3791 2380 3845 cum,
2431 3762 2627 3829 Ceam

1628 3873 1968 3950 arceffitus,
2027 3877 2296 3947 ,Sirium
2378 3873 2625 3955 placare

1624 3976 2028 4052 monstrass'et,
2054 3998 2184 4061 quo
2210 3976 2374 4038 facto
2400 3973 2624 4037 etefiae

1626 4102 1834 4143 aerem
1867 4097 2216 4162 temperare
2263 4093 2619 4161 coeperant,

1623 4185 1789 4245 Iouis
1857 4180 2108 4245 Aristaei
2191 4199 2256 4244 et
2318 4182 2623 4264 Apollinis

1622 4286 1836 4353 Nomii
1896 4278 2154 4354 nomino
2223 4287 2419 4349 cultus
2485 4285 2621 4345 fuit.
