3075 5114
768 324 1356 441 Bucoch
1401 362 1645 437 act.
1684 365 1742 454 1,
1780 363 2114 440 23—30

2375 369 2481 469 39

389 552 809 630 Candidior
846 547 1246 651 postquam
1289 548 1637 624 tondenti
1677 550 1912 626 barba
1964 552 2319 643 cadebat;

384 688 736 792 Respexit
777 706 1071 777 tamen,
1116 704 1192 761 et
1222 684 1456 786 longo
1473 683 1664 786 ‘post
1696 705 2040 787 tempore
2066 693 2289 781 venit,
2364 690 2485 779 30·

518 892 589 945 30
622 892 688 943 R.
720 886 954 941 tandem
995 885 1134 942 cod.
1163 885 1382 949 Koler..
1429 905 1544 941 non
1583 886 1737 942 male.
1820 887 1927 941 Sed
1968 904 2109 942 totus
2144 888 2314 944 versun
2353 907 2463 946 tam

381 974 561 1032 scaber
594 973 683 1035 est.
723 990 776 1027 vt
806 973 895 1028 vix
913 990 1037 1024 eum
1065 990 1096 1024 a
1124 991 1283 1045 poeta
1323 976 1633 1044 protectum,
1676 972 1765 1027 sed
1806 994 1836 1026 e
1863 976 2096 1045 margine
2123 974 2331 1031 illatum
2359 977 2481 1031 effe'

380 1080 584 1137 putem.
653 1059 883 1133 Respicit
925 1057 1109 1111 locum
1144 1060 1380 1133 Propert.
1413 1061 1480 1123 11,
1520 1076 1646 1116 extr.
1679 1078 1762 1133 7¹·
1795 1078 1877 1133 72.
1921 1080 1968 1114 v.
2016 1058 2086 1114 nd
2119 1060 2301 1116 Vitam
2342 1064 2464 1118 vir-

384 1149 497 1221 gilii
536 1168 585 1202 a.
615 1163 732 1219 7¹7.

385 1286 560 1368 loqui
602 1297 665 1345 et
715 1303 939 1344 canere
992 1281 1381 1366 intelligendi

387 1388 537 1449 sunt.
624 1385 750 1446 Sed
819 1390 888 1447 in
939 1385 1115 1446 Italia
1171 1387 1378 1460 villici,

388 1507 454 1553 et
477 1495 848 1573 quicumque
880 1493 948 1548 in
973 1492 1130 1571 agris
1162 1485 1376 1559 effent,

385 1580 520 1655 {non
555 1592 732 1652 facile
774 1593 893 1652 alia
937 1611 1126 1675 quam
1174 1589 1377 1651 seruili

386 1695 746 1757 conditione
769 1710 874 1753 aut
893 1693 1164 1755 libertini
1200 1690 1376 1753 fuiss‘e

380 1798 687 1858 videntur.
777 1798 906 1878 Qui
959 1795 1240 1857 homines
1294 1816 1378 1857 an

379 1918 548 1962 recte
606 1905 673 1960 in
723 1897 1042 1980 pastoritio
1083 1903 1372 1972 carmine,

379 1998 557 2088 quod
639 2000 917 2065 senfibus’
990 2000 1206 2063 nostris
1284 2001 1376 2062 nil

374 2123 812 2189 praeterquam
892 2101 1375 2166 amoeniffimam

377 2229 692 2292 quamque
735 2225 802 2270 et
841 2205 1241 2271 suauiffimam
1286 2209 1376 2265 vi·

378 2328 480 2373 tae
508 2310 762 2372 rusticae
790 2310 1052 2391 speciem
1081 2307 1371 2371 exhibere

380 2414 630 2487 debet,-
657 2435 692 2473 a
732 2429 923 2496 poeta
962 2416 1212 2474 excitari
1255 2433 1372 2493 po-

379 2522 643 2589 tuerint,
700 2535 870 2578 nunc
909 2536 1043 2579 non
1085 2516 1369 2597 disputo;

376 2619 485 2681 I’ed
519 2624 564 2680 ii
599 2618 913 2695 homines,
968 2623 1016 2684 Γι
1053 2619 1370 2700 peculium

374 2721 489 2784 fibi
521 2722 657 2782 satis
698 2744 992 2806 magnum
1040 2720 1367 2804 parass'ent.

372 2828 581 2907 pretio
626 2824 892 2890 dominis
931 2826 1131 2892 soluto
1184 2830 1252 2886 in
1294 2826 1370 2886 li-

372 2929 683 2989 bertatem
711 2928 800 2989 se
870 2929 1183 2989 vindicare
1251 2947 1368 3009 po-

376 3049 612 3094 terant.·
680 3033 849 3092 Nota
898 3052 1027 3103 res,
1108 3031 1188 3091 de
1243 3050 1368 3113 qua

371 3157 562 3199 :nemo
615 3136 796 3196 facile
855 3135 1110 3196 dubitet.
1212 3133 1368 3193 Sub-

370 3238 734 3300 ministrauit
760 3255 970 3298 tamen
1001 3241 1092 3296 vir
1131 3232 1364 3296 doctiff.

375 3347 806 3403 auctoritatem
849 3337 1034 3421 Lipfii
1091 3340 1172 3400 ad
1218 3340 1365 3398 Tac.

372 3446 547 3518 xlv,
602 3454 707 3523 4²·
792 3446 1085 3503 Burman.
1130 3442 1211 3503 ad
1252 3443 1379 3502 1³00

373 3563 540 3610 tron.
571 3551 676 3626 75,
719 3562 783 3607 et
823 3547 1011 3606 Ouid.
1040 3549 1176 3606 Am.
1208 3546 1257 3619 I,
1303 3549 1364 3617 8,

377 3653 481 3713 63.
496 3651 655 3712 conf.
673 3652 916 3730 Apulei.
930 3650 1363 3726 Menum-45.

371 3753 507 3814 Iam
534 3754 745 3815 iisdem
772 3753 1150 3826 hominibus,
1194 3772 1366 3812 nunc

364 3856 609 3919 libertis
659 3856 809 3929 suis,
881 3855 1066 3924 herus
1121 3869 1367 3937 poterat

361 3980 590 4045 greges
615 3959 753 4020 suos
776 3963 1183 4034 committere,
1199 3976 1365 4020 certa

359 4064 656 4130 mercede
679 4064 876 4133 dicta;
906 4063 1068 4124 vnde
1094 4061 1390 4144 pastores

364 4171 788 4227 mercenarios
845 4181 1222 4227 memoratos
1280 4166 1384 4226 lem

369 4272 589 4351 gimus.
702 4269 991 4355 Tityrus,
1075 4272 1196 4353 qui·
1256 4288 1398 4348 per..

445 4373 648 4434 Tou.
688 4371 736 4446 1,

1463 1284 1691 1344 multos
1722 1301 1941 1353 annm,
1987 1282 2134 1341 dum
2159 1283 2456 1349 Galateae

1463 1390 1659 1448 amori
1700 1383 2048 1457 indulserat,
2088 1389 2317 1467 peculii
2346 1412 2458 1471 pa-

1460 1510 1601 1548 rum
1628 1489 1988 1571 diligentem
2014 1492 2318 1552 rationem
2346 1492 2456 1554 ha-

1459 1589 1714 1663 buerat,
1811 1594 1932 1649 iam
1995 1588 2173 1650 senex
2234 1594 2452 1671 factus,

1459 1714 1605 1755 cum
1629 1692 2062 1777 Amaryllidem
2075 1736 2097 1767 ,
2142 1714 2302 1777 quae
2327 1698 2454 1757 fru.

1460 1784 1661 1880 galion
1700 1811 1763 1856 et
1800 1802 2046 1879 parcior
2083 1813 2247 1871 erat,
2304 1804 2454 1859 ami-

1462 1922 1599 1961 carn
1644 1897 1931 1970 haberet,
1999 1915 2064 1958 vt
2101 1898 2453 1965 libertatem

1457 2001 1569 2064 fibi
1599 2018 2025 2084 compararet,
2066 2003 2331 2064 Romam
2372 2007 2457 2070 ad

1457 2104 1675 2167 herum
1738 2105 1908 2165 suum
1977 2108 2291 2186 profectus
2344 2107 2451 2172 est.

1453 2209 1585 2271 Iam
1665 2209 1745 2279 de
1814 2208 2098 2270 libertate
2172 2212 2448 2295 quidem,

1455 2335 1641 2396 quam
1671 2310 2059 2383 obtinuerat,
2100 2316 2224 2373 iam
2256 2337 2309 2375 v.
2346 2320 2447 2382 28.

1454 2436 1554 2497 29.
1591 2418 1674 2479 50
1718 2432 2207 2495 memorauerat3
2258 2419 2451 2481 facili.

1452 2533 1645 2580 tatem
1697 2533 1908 2579 tamen
1948 2516 2082 2579 lteri
2127 2534 2190 2579 et
2229 2517 2446 2584 huma-

1449 2627 1710 2683 nitatem
1759 2625 2083 2680 maximam
2125 2641 2455 2703 expertum.

1452 2722 1574 2787 effe
1617 2723 1672 2784 se
1709 2720 2032 2806 fignificat,
2100 2727 2166 2782 in
2206 2730 2447 2805 primis-

1451 2849 1574 2910 que
1601 2826 1754 2886 illud
1779 2822 2107 2887 obtinuisse
2136 2831 2242 2899 ait,
2261 2849 2314 2888 v.
2334 2834 2457 2907 46„

1448 2946 1520 2992 vt
1559 2945 1691 2991 tuto
1722 2935 1793 2989 ac
1821 2928 2014 2989 libere
2054 2949 2270 3011 greges
2310 2931 2445 2994 suos

1449 3015 1698 3115 paffiere
1753 3029 1969 3114 poss‘et.
2070 3053 2244 3114 quae
2275 3036 2447 3112 sera

1450 3152 1677 3196 tamen
1704 3158 1754 3199 r.
1785 3156 1969 3218 quae,
2012 3134 2120 3196 etfi
2154 3136 2309 3211 sero,
2357 3155 2460 3199 ta„

1449 3259 1599 3299 men
1625 3238 1958 3322 aliquando
1984 3236 2134 3297 mihi
2163 3244 2442 3324 contigit,

1450 3358 1515 3401 vt
1539 3364 1597 3402 v.
1620 3345 1703 3405 30
1730 3345 2049 3423 repetitur.
2103 3344 2446 3424 Respicere

1452 3445 1530 3504 de
1605 3444 1953 3516 Libertate,
2051 3459 2118 3503 vt
2187 3450 2455 3526 proprie·

1448 3548 1747 3606 Fortuna
1773 3548 2137 3626 respiciens.
2204 3549 2260 3608 A
2287 3549 2461 3610 deo-.

1446 3671 1585 3709 rum
1629 3648 1808 3733 signis
1864 3649 2024 3709 hanc
2079 3647 2458 3733 defignmioe.

1447 3774 1595 3813 nem
1635 3754 1882 3812 ductam
1938 3748 2090 3825 esse,
2150 3752 2469 3824 existimat„-

1449 3857 1749 3936 Spencius
1805 3856 2107 3938 Polymet.
2169 3878 2234 3936 p.
2301 3860 2463 3930 155„

1449 3963 1633 4018 nimis
1656 3974 1888 4040 argute.
1928 3960 2154 4017 Pietas
2184 3947 2464 4032 labores,

1450 4061 1775 4120 humanos
1785 4061 2046 4142 respicit
2057 4062 2295 4135 Aen.V,
2302 4063 2444 4125 688.
2457 4105 2463 4114 .

1453 4167 1559 4228 50·
1575 4165 1883 4245 Respexit
1910 4179 2131 4224 tamen
2152 4179 2217 4224 ec
2245 4166 2444 4241 longo

1445 4264 1601 4349 pofi'
1647 4283 1941 4351 tempora
2004 4272 2211 4330 venie.
2313 4269 2451 4332 Sin·-

1568 4371 1620 4430 E
