3075 5114
546 286 701 362 διο
950 285 1039 360 Ρ.
1074 228 1581 364 νῐιιόιιιι
1640 261 2210 378 MARoms'

545 474 641 547 Et
688 469 1014 573 suspensa
1068 470 1259 550 focis
1308 475 1650 576 explorat
1693 476 1971 550 robora
2016 459 2286 550 fumus.

648 605 951 682 Poffum
995 608 1230 681 multa
1281 583 1433 685 thi¹
1458 630 1798 688 veterum
1851 631 2255 713 praecepta
2309 607 2621 701 referre3

549 746 649 821 Ni
689 741 1004 843 refugia,
1086 748 1487 846 tenuisque
1528 752 1734 847 piget
1778 746 2228 847 cognoscere
2283 770 2520 820 curas,

552 881 748 956 Area
791 904 967 953 cum
1012 882 1267 978 primis
1315 884 1604 982 ingenti
1648 881 2045 983 aequanda
2088 881 2449 977 cylindro,

2429 475 2436 482 ’
2482 470 2622 573 ι75

551 1049 856 1103 arbritratur
904 1047 1137 1120 altaque
1179 1047 1371 1120 sagus
1408 1050 1602 1105 Stiuas
1651 1069 1798 1121 quae
1840 1069 1885 1104 c.
1940 1050 2011 1104 vti
2051 1058 2221 1121 iugo,
2276 1049 2332 1103 11.
2369 1064 2423 1102 vt
2461 1067 2524 1101 ex
2561 1064 2625 1102 ea

551 1136 735 1207 iugum
780 1133 902 1193 fiat,
948 1133 1207 1189 caeditur
1243 1137 1389 1190 tilia.
1491 1134 1656 1204 Quod
1699 1152 1874 1192 tamen
1907 1134 2074 1207 fitam
2118 1135 2380 1192 caeditur
2410 1132 2627 1188 absurde

550 1221 755 1276 dictum
775 1217 974 1275 videtur
1000 1220 1107 1272 viro
1139 1218 1331 1281 docto,
1371 1222 1548 1276 mirari
1573 1221 1725 1284 licen
1792 1233 1906 1275 non
1943 1221 2237 1292 cogitabat,
2294 1221 2436 1278 sein
2466 1234 2625 1289 poeta

549 1307 764 1366 versari.
833 1305 916 1364 eui
952 1303 1054 1358 dici
1089 1321 1296 1375 poterat
1340 1309 1611 1372 Sauoque
1639 1326 1765 1379 pro.
1841 1324 1894 1364 et
1943 1307 2132 1370 arbor,
2195 1326 2330 1380 quae
2365 1306 2498 1362 stiua
2537 1304 2621 1361 fit.

549 1391 706 1466 Apud
762 1388 990 1445 eundem
1026 1390 1101 1445 vir
1145 1391 1331 1446 doctus
1371 1391 1553 1464 paullo
1605 1392 1725 1463 post
1779 1393 1987 1466 legebat
2027 1394 2245 1465 cursus,-
2318 1413 2427 1447 non
2468 1395 2619 1445 beno.

551 1483 699 1537 Nam
739 1494 967 1532 aratrum
1004 1495 1117 1530 non
1161 1486 1366 1540 cut-rin
1405 1497 1505 1533 nec
1547 1479 1765 1549 cursum
1792 1489 1975 1534 aratri
2003 1481 2282 1554 quisquam
2309 1480 2459 1534 facile
2482 1479 2625 1532 dixe-

554 1569 640 1623 rit.
730 1566 810 1619 Io.
851 1561 1125 1617 Schrader.
1166 1566 1462 1637 transponit
1510 1575 1621 1635 ¹74·
1672 1567 1786 1636 173.

1896 1569 1984 1621 De
2026 1567 2208 1622 ceteriv
2246 1567 2348 1620 vid.
2395 1567 2621 1620 Notam.
2713 1563 2724 1570 ’

559 1655 657 1724 ι75
697 1653 959 1723 ert-plorat
997 1648 1223 1722 reposuit
1248 1649 1425 1703 Heius.
1457 1670 1487 1704 e
1514 1651 1711 1706 Medic.
1748 1670 1778 1705 a
1800 1671 1872 1706 m.
1900 1673 1978 1729 pr.
2007 1668 2061 1707 et
2088 1652 2231 1712 aliis.
2284 1668 2338 1705 vt
2372 1666 2424 1704 et
2449 1650 2618 1705 Goth.
2702 1667 2714 1680 ·

556 1741 655 1797 sec.
728 1739 815 1794 Sic
844 1756 1057 1809 quoque
1088 1737 1238 1789 Pierii
1265 1737 1423 1790 Rom.
1465 1753 1517 1790 et
1543 1737 1774 1809 Obloug.
1794 1777 1810 1800 ‚
1876 1754 1929 1791 vt
1969 1758 2090 1792 cum
2129 1735 2387 1791 caeditur
2427 1753 2625 1788 conue-

549 1829 679 1882 niat.
748 1823 926 1893 Vulgo
971 1823 1026 1874 in
1052 1821 1205 1875 editis
1247 1837 1299 1874 et
1341 1820 1540 1892 scriptia
1587 1825 1862 1892 exploret.
1955 1823 2154 1876 Eadem
2192 1821 2407 1874 varietas
2437 1820 2492 1871 in
2518 1822 2624 1872 An-

552 1915 698 1987 glioie
729 1908 850 1965 ΜΠ.
880 1926 964 1980 ap.
992 1906 1207 1960 Martin.
1351 1923 1445 1975 177
1484 1909 1824 1979 cognoscere
1866 1905 2085 1978 eauffas
2122 1906 2401 1976 Oblongur
2442 1905 2615 1957 Pierii.

456 2069 461 2072 .
556 2003 653 2071 178
687 2015 809 2056 cum
829 2000 1025 2065 primis
1050 1990 1248 2048 Medic.
1275 2006 1485 2063 vterque
1513 2009 1566 2046 et
1593 1993 1826 2065 plerique
1849 2007 1991 2054 vett„
2030 1992 2190 2052 etiarn
2214 1992 2355 2063 apud
2370 1990 2616 2047 Pieriam.

553 2143 705 2204 rotis
731 2132 1108 2212 subnixum3
1146 2129 1318 2212 quod
1350 2129 1544 2191 Gallis
1627 2128 1835 2194 Potest
1885 2148 2096 2193 tamen
2138 2136 2326 2193 etiam
2383 2101 2617 2192 dictum

553 2240 867 2328 peculiare
903 2230 1077 2294 fuiffe
1107 2248 1170 2293 et
1200 2234 1373 2292 Seru.
1403 2231 1464 2293 h.
1498 2233 1544 2293 l.
1630 2231 1773 2310 effe,
1804 2251 1871 2295 vt
1897 2239 2098 2316 poetis
2131 2237 2272 2296 alias
2303 2234 2616 2325 probare,

552 2358 733 2410 notat
774 2354 839 2401 et
878 2337 1036 2397 plin.
1072 2336 1303 2410 XVIII,
1332 2338 1437 2420 48,
1480 2359 1545 2418 p.

565 2444 779 2520 123,1.
812 2443 942 2515 33,
1007 2439 1198 2501 modo
1238 2439 1544 2500 Harduini

552 2545 1104 2631 interpolationem
1146 2563 1282 2604 non
1328 2544 1547 2605 admit-

556 2673 667 2717 tas.
752 2652 901 2712 Erat
933 2651 1098 2709 enirn
1129 2651 1381 2731 antiqua
1420 2649 1546 2709 lec..

555 2764 683 2821 tIo:
750 2755 969 2816 latiore
1011 2748 1257 2829 cuspide
1295 2771 1546 2812 vomer:

552 2860 641 2925 ‘Id
669 2879 803 2919 nort
825 2850 1087 2937 pridem
1107 2853 1453 2912 inuentum
1476 2855 1550 2912 in

556 2963 862 3027 Rhoe-cia.
938 2954 1202 3017 Galliae
1233 2953 1401 3015 duas
1429 2954 1551 3014 ad-

556 3067 875 3129 diderunt
904 3060 1030 3120 eali
1055 3058 1309 3118 rotulas
1321 3081 1343 3125 ,·
1370 3056 1556 3139 quod

553 3190 763 3251 genus
856 3177 1108 3224 vocant
1200 3160 1552 3243 planat-ati

538 3276 583 3353 ·(
599 3272 963 3355 plaumarati
977 3270 1022 3346 ).
1079 3264 1346 3325 Robora
1375 3283 1547 3335 vero,

555 3374 620 3437 h.
654 3375 941 3444 materia,
986 3369 1086 3430 seu
1114 3369 1385 3451 lignum,
1438 3385 1551 3425 vn-

557 3479 639 3538 de
684 3475 839 3536 haec
880 3471 1313 3545 conficiantur,
1343 3470 1547 3551 fumo

558 3579 809 3641 dumea
880 3572 1000 3637 ess'e
1070 3575 1321 3636 debent.
1381 3571 1546 3632 conf.

557 3680 808 3745 Heliod.
834 3669 1023 3762 ’'Ep-y.
1068 3680 1170 3756 45.
1219 3681 1363 3757 629.
1437 3696 1550 3735 ex-

550 3787 779 3870 plorat
806 3782 1049 3843 videtur
1070 3785 1412 3861 exprimere
1438 3801 1549 3842 na-

558 3904 757 3951 turam
798 3887 986 3959 fumi,
1059 3884 1205 3944 dum
1234 3870 1406 3945 lente
1432 3903 1551 3965 per

555 3997 822 4054 minutas
883 3987 1207 4072 particulas
1278 3985 1398 4047 sese
1453 3990 1551 4046 in-

558 4093 789 4164 ssnuat,
836 4107 930 4161 Vvt
976 4093 1139 4163 iter,
1205 4091 1384 4162 vias,
1460 4103 1555 4148 ee-

494 4258 497 4259 .
560 4199 798 4260 πεῖναι
867 4194 1217 4277 explorare
1272 4192 1554 4256 dicimur.

1631 2355 1697 2400 vt
1753 2338 1830 2399 tle
1902 2336 2181 2400 bonitate
2248 2339 2402 2421 ligni
2471 2337 2619 2397 inde

1633 2438 1901 2526 constet-3
1947 2438 2076 2502 nifi·
2088 2444 2254 2503 enirn
2285 2440 2526 2501 firmum
2555 2453 2621 2499 et

1627 2543 1898 2629 probum
1927 2541 2029 2619 fit,
2069 2542 2417 2607 exarescens
2441 2549 2623 2605 rimas

1632 2664 1793 2733 aget.
1883 2643 2075 2709 Nimis
2115 2646 2342 2709 subtilis
2383 2648 2486 2707 illa
2527 2667 2622 2707 ra-

1632 2758 1756 2827 tio,
1800 2766 1864 2811 vt
1900 2752 2249 2834 explorare
2282 2745 2623 2811 dictum‘flt

1632 2876 1750 2938 pro
1781 2853 2094 2927 exlhdare,
2127 2873 2495 2937 excoquere,
2520 2872 2624 2912 ex·-

1632 2958 1866 3040 pellere
1923 2954 2249 3018 humorem
2308 2972 2625 3039 tamquam

1632 3062 1911 3122 lacrimas
1946 3080 2018 3120 ac
2040 3060 2362 3141 ploratus.
2443 3058 2624 3117 Cete-

1632 3185 1770 3224 rum
1810 3164 2118 3222 aduocant
2143 3164 2258 3222 viri
2301 3162 2467 3221 docti
2497 3160 2638 3220 He-'

1632 3265 1784 3326 fiodi
1805 3256 1993 3350 ”.Εργ
2032 3271 2158 3342 427
2189 3263 2316 3345 stlq·

2388 3263 2623 3320 Verum

1635 3371 1713 3429 de
1758 3368 1880 3430 hoc
1920 3383 1984 3428 et
2021 3365 2149 3425 aliis
2195 3366 2335 3425 vide
2377 3361 2620 3425 Excute
2712 3377 2716 3386 “

1632 3474 1664 3534 Ι
1695 3473 1772 3534 ad
1802 3471 1861 3533 h.
1892 3472 1935 3532 l.

1727 3580 2037 3658 176.177
2090 3572 2274 3634 Noua
2312 3574 2624 3633 transitio-

1631 3684 1726 3742 nis
1759 3677 2042 3740 formula.
2138 3678 2274 3758 178.
2305 3675 2403 3734 De
2433 3694 2624 3743 area,

1632 3780 1805 3865 ἄλωᾷ
1826 3824 1843 3854 ,
1901 3794 2176 3841 veterum
2223 3777 2622 3863 cogitandum

1634 3882 1751 3947 est:
1837 3888 1945 3967 qui
1994 3898 2126 3943 erat
2165 3883 2338 3943 locus
2383 3884 2451 3942 in
2491 3878 2624 3961 ipso

1636 4009 1784 4072 agro
1815 4002 2032 4069 patens
2058 4001 2123 4045 et
2151 3985 2386 4059 editus,
2427 3985 2624 4067 (Var-

1636 4095 1778 4153 roni
1807 4087 1892 4151 est
1920 4087 2280 4166 sublimior
2294 4112 2318 4156 .·
2393 4101 2457 4147 et
2485 4105 2626 4147 area

1638 4190 2013 4275 exctaemida)
2028 4234 2054 4262 ,
2090 4212 2213 4276 qua
2237 4207 2458 4255 ventus
2487 4210 2630 4274 per·
