3075 5114
613 380 719 466 'u

1032 375 1119 455 P.
1165 376 1664 458 VIRGILII
1720 374 2248 455 MARONIS

607 564 790 649 Non
826 562 1111 641 insueta
1162 570 1409 667 grauis
1461 563 1864 640 tentabunt
1904 565 2184 666 pabula
2230 564 2458 658 fetas;

2592 561 2697 641 50

609 705 776 777 Nec
812 702 1011 778 mala
1050 706 1275 778 vicini
1317 704 1616 802 pecoris
1662 706 2009 802 contagia
2055 701 2389 777 laedent.

609 839 1017 916 Fortunate
1059 834 1314 928 senex,
1368 835 1495 911 hic
1535 841 1737 911 inter
1778 835 2092 911 flumina
2132 856 2317 912 nota

746 1008 817 1065 6ο
852 1006 1068 1078 pastum
1105 1005 1352 1089 nonnulli
1392 1025 1456 1062 α
1498 1023 1668 1062 antec.
1710 1028 1809 1082 pto
1834 1007 2034 1082 setas,
2125 1026 2218 1065 aut
2262 1025 2317 1064 vt
2359 1009 2514 1084 vulgo
2540 1007 2692 1063 -mnle

610 1092 848 1150 scribitur
887 1091 999 1155 (est
1028 1093 1170 1147 enim
1197 1113 1234 1148 a
1259 1093 1380 1157 seo)
1416 1092 1641 1164 foetas,

1116 1181 1178 1236 51
1219 1177 1357 1236 Non
1396 1178 1579 1232 Schol.
1619 1181 1803 1235 quen.
1832 1183 1908 1242 11.
1942 1185 2028 1237 81.

609 1194 665 1234 vt
698 1179 800 1235 fint
840 1180 978 1251 agni.

614 1267 761 1322 dam
796 1265 1030 1330 Charis..
1070 1263 1228 1321 male.

604 1423 686 1485 εοἱ
726 1411 919 1491 magis
961 1410 1046 1469 ita
1099 1405 1159 1469 se
1213 1402 1445 1468 habere
1506 1405 1616 1469 de-

608 1510 749 1574 buit
787 1513 857 1572 in
889 1514 1046 1595 agris
1087 1509 1168 1571 ad
1197 1509 1502 1570 Mincium
1544 1507 1610 1573 fl.

609 1612 768 1688 fitis,
816 1616 987 1675 cuim
1019 1628 1084 1675 et
1122 1611 1505 1697 stagnatione
1549 1627 1614 1675 et

607 1718 926 1803 frequenti
964 1715 1385 1779 exundatione
1434 1717 1613 1800 palu-

611 1822 722 1884 des
765 1821 946 1882 facile
987 1815 1240 1881 existere
1284 1834 1613 1901 poter-ann

606 1924 805 1988 Erant
845 1938 1054 1985 autem
1082 1923 1360 1983 Maronis
1400 1926 1531 2004 agri
1574 1941 1613 1982 ει

608 2028 774 2089 cliuo
817 2027 967 2087 inde
996 2025 1169 2087 collis
1199 2024 1281 2083 ad
1311 2044 1457 2084 eum
1493 2021 1612 2082 flu-

608 2135 784 2193 vium
836 2127 967 2202 siti,
1049 2124 1275 2209 quibus
1324 2125 1610 2188 adiacere

608 2231 887 2295 debuere
930 2229 1034 2290 alii
1078 2227 1302 2288 eodem
1348 2225 1463 2288 fitu
1508 2248 1611 2288 ea-

610 2336 881 2415 demque
910 2330 1308 2393 conditione:
1350 2329 1607 2404 Eehlx,

607 2459 670 2523 7.
731 2435 843 2511 VI,
899 2457 995 2496 ιω.
1074 2435 1191 2496 Ge.
1220 2434 1333 2511 111,
1375 2442 1466 2514 14.
1510 2437 1606 2498 15.

605 2541 688 2617 ΙΙ,
743 2542 883 2624 198.
916 2538 1075 2621 2199·
1140 2539 1298 2601 Aen.
1328 2539 1413 2614 X,
1463 2540 1606 2604 205.

608 2648 755 2711 206.
822 2645 1009 2706 Nunc
1042 2647 1230 2727 igitur
1252 2640 1608 2703 Meliboeus

602 2752 811 2834 pergit
841 2769 898 2808 v.
931 2750 1014 2811 50
1049 2766 1407 2829 comparare
1435 2746 1607 2809 suam

602 2853 1049 2915 calamitatem:
1129 2870 1316 2924 cum,
1376 2853 1604 2935 inquit,

606 2975 645 3017 n
714 2958 870 3016 meis
938 2956 1097 3038 agris
1159 2952 1605 3015 discedendum

601 3057 759 3121 mihi
810 3047 919 3118 fit:
1013 3077 1226 3142 neque
1282 3079 1361 3119 ex
1417 3072 1606 3138 partu

602 3163 765 3225 male
795 3156 1046 3222 affectas
1076 3161 1340 3242 capellas
1372 3180 1606 3222 conue-
1632 3159 1643 3167 ’

599 3271 820 3330 niente
862 3261 1099 3345 pabulo
1140 3262 1430 3338 reficere,
1490 3282 1605 3323 ne-

601 3389 768 3453 que,
837 3386 979 3427 cum
1029 3363 1183 3426 mihi
1228 3363 1404 3438 illae,
1478 3384 1606 3449 qua

601 3468 731 3536 fors
767 3467 957 3543 dabit,
1001 3467 1281 3552 agendae
1307 3464 1456 3542 sint,
1516 3466 1604 3527 sa-

473 3649 483 3660 ·
601 3577 683 3635 tiz
718 3591 935 3632 cauere
978 3574 1050 3632 iis
1093 3568 1357 3653 pofl'um,
1419 3590 1502 3632 ne
1534 3574 1605 3632 in

600 3695 822 3761 greges
865 3678 1190 3758 contagio,
1249 3674 1422 3758 quod
1465 3694 1605 3734 ma-

604 3780 746 3842 lum
780 3775 841 3837 h.
870 3782 1128 3839 noxium
1160 3777 1416 3854 dicitur,
1449 3793 1604 3857 ‘tac-

602 3899 726 3957 tos,
774 3897 880 3943 aut
911 3886 978 3943 in
1004 3882 1233 3942 infecta
1261 3881 1464 3964 saepta
1506 3885 1605 3943 in·

601 3989 833 4050 cidant.
875 3980 888 3992 ’
949 3986 1051 4046 Sic
1105 3989 1293 4047 etiam
1347 3989 1417 4047 in
1470 3983 1602 4068 sqq.

602 4090 770 4153 iffius
820 4089 1047 4151 sortem
1106 4109 1249 4149 cum
1289 4085 1396 4149 sua
1436 4108 1607 4148 com-

602 4210 804 4280 parat.
872 4196 974 4256 50.
1016 4195 1248 4270 grauis
1287 4223 1376 4239 --
1412 4191 1609 4272 fetas

603 4301 782 4376 dixit,
816 4314 884 4361 vt
904 4297 1099 4383 secas
1139 4297 1446 4383 intelligas
1476 4296 1611 4357 eni·

1688 1095 1931 1149 nonnulli
1957 1115 2080 1152 cum
2109 1097 2279 1152 Goth.
2308 1096 2405 1150 sec.
2457 1095 2684 1171 foetus,

2124 1185 2217 1239 Ne
2262 1183 2421 1238 mata
2456 1208 2529 1225 ·-·
2570 1183 2690 1236 lae·-

1365 1266 1435 1322 52
1472 1273 1630 1320 lutra
1654 1265 1822 1322 Goth.
1847 1267 1947 1322 sec.

1693 1429 1819 1483 xus,
1859 1423 2045 1491 partu
2077 1406 2399 1484 liberatas,
2457 1423 2527 1469 vt
2567 1406 2694 1470 sae-

1694 1534 1814 1595 pet
1867 1512 2008 1573 vide
2037 1513 2138 1573 vel
2166 1514 2373 1573 Burm.
2408 1512 2488 1573 ad
2518 1514 2693 1574 Sam-

1695 1636 1867 1677 mon.
1911 1637 1963 1676 c.
2004 1618 2097 1679 13.
2129 1616 2204 1674 cf.
2235 1615 2489 1678 Gesner.
2507 1612 2691 1676 Thes.

1696 1716 1759 1778 h.
1793 1739 1852 1779 v.
1920 1718 2016 1779 Eo
2059 1717 2231 1779 sensu
2254 1720 2419 1800 seca
2459 1720 2693 1800 vulpes

1696 1840 1797 1901 ep.
1831 1820 2047 1880 Horat.
2076 1821 2187 1908 111,
2227 1844 2330 1903 27,
2365 1832 2428 1903 4,
2464 1840 2532 1884 vt
2559 1844 2694 1884 rec-

1695 1937 1758 1983 te
1786 1922 2101 1986 Bentleius
2135 1929 2373 2006 accipit.
2441 1925 2692 1987 Grauis

1693 2022 1755 2085 h.
1791 2046 2001 2109 aegras
2030 2047 2066 2088 e
2108 2044 2309 2109 partu.
2404 2032 2694 2090 Tentare

1694 2127 1775 2188 de
1801 2126 2033 2190 morbis
2059 2134 2331 2211 proprie.
2419 2133 2513 2193 Ita
2552 2151 2689 2196 non

1690 2227 1934 2292 necess'e
1972 2253 2110 2292 cum
2148 2233 2277 2295 aliis
2316 2231 2690 2318 distinguere

1690 2330 1832 2416 post
1891 2334 2185 2417 pabula,
2289 2351 2355 2398 et
2416 2357 2684 2416 graues,

1692 2437 1997 2521 grauidas,
2019 2439 2217 2519 secas
2245 2454 2473 2516 autem,
2519 2462 2684 2526 quae
2728 2462 2735 2471 ¹

1689 2562 1994 2623 peperere
2011 2586 2030 2614 ‚
2132 2543 2515 2628 intelligere,
2619 2559 2688 2607 vt

1691 2644 1894 2706 Corda
1936 2646 2102 2707 fecit.

1776 2750 1879 2811 52.
1941 2747 2249 2808 Flumina
2294 2763 2461 2810 noca
2514 2750 2684 2810 Min-

1689 2854 1815 2912 cius
1850 2867 1913 2913 et
1943 2852 2185 2931 Padus;
2238 2874 2506 2936 quorum
2535 2874 2684 2934 pro·

1685 2952 1924 3035 spectus
1970 2975 2046 3016 ex
2088 2976 2169 3017 eo
2213 2955 2358 3018 loco
2402 2952 2523 3017 effe
2568 2977 2688 3039 po-

1688 3060 1839 3117 tuit:
1910 3057 2117 3118 nescio
2165 3056 2410 3134 saltem,
2493 3080 2574 3120 an
2606 3059 2690 3120 de

1687 3155 1803 3218 situ
1830 3155 2055 3219 horum
2086 3178 2394 3241 agrorum,
2437 3159 2518 3221 de
2549 3164 2686 3245 qui·

1688 3258 1803 3321 bus
1831 3259 1931 3320 hic
1958 3265 2195 3345 agitur,
2240 3259 2377 3322 satis
2410 3261 2682 3336 constet:

1687 3365 1977 3438 Mincius,
2025 3386 2100 3425 ex
2132 3364 2274 3424 lacu
2302 3364 2549 3426 Benaco
2578 3364 2685 3426 vbi

1685 3465 1991 3550 processit,
2026 3489 2163 3529 non
2202 3468 2392 3553 longe
2438 3488 2473 3527 a
2502 3468 2690 3528 Man·

1688 3586 1792 3631 tua
1837 3571 2004 3631 lacus
2050 3569 2119 3632 fit
2177 3575 2455 3656 quinque
2510 3571 2680 3633 mille

1683 3670 1961 3756 pass'uum
1976 3718 1997 3748 ,
2097 3694 2243 3734 mox
2297 3675 2683 3757 aliquantum

1682 3775 2031 3860 progress‘us
2090 3778 2261 3839 Pado
2332 3775 2392 3838 se
2458 3783 2679 3862 iungit.

1685 3880 1995 3943 Iucundus
2034 3903 2184 3944 vero
2227 3881 2330 3942 ille
2361 3896 2585 3943 tractus
2619 3897 2684 3943 et

1685 3982 1890 4046 bonus
1918 3983 2170 4066 pascuis.
2225 4006 2283 4045 v.
2333 3984 2565 4068 Georg.
2596 3985 2678 4059 11,

1696 4089 1834 4168 198.
1871 4107 2006 4168 199.
2052 4085 2149 4147 Ab
2171 4087 2300 4147 aliis
2326 4103 2537 4148 tamen
2564 4086 2680 4147 flu-

1688 4193 1860 4250 mina
1916 4189 1996 4250 de
2046 4188 2480 4271 campestribus
2536 4194 2683 4251 riuis

1690 4288 1854 4357 istius
1887 4290 2016 4361 loci
2044 4296 2242 4376 accipi
2270 4292 2476 4357 video.
2528 4291 2687 4353 Sub-
