3075 5114
729 390 1342 484 TERTIAE
1417 386 2150 485 EDITIONIS
2397 421 2501 485 xx

580 588 1018 682 Reddere
1098 588 1550 681 rationem
1627 576 2071 720 figillatim
2147 616 2496 708 eorum,

403 787 646 884 quae
722 759 826 847 in
899 757 1168 849 tertia
1237 755 1419 851 hac
1489 754 1893 850 editione
1957 752 2498 874 access'erint,

411 927 627 1050 quia
690 924 881 1017 fine
941 922 1566 1017 ostentationis
1643 918 1936 1052 specie
2001 930 2497 1019 memorari

414 1090 623 1184 talia
645 1114 1147 1218 nequeunt,
1191 1086 1736 1220 supersedeo.
1806 1091 2184 1210 Sufficit,
2217 1092 2494 1191 obelo

411 1291 560 1351 me
614 1252 1127 1352 confodiss‘e'
1162 1254 1492 1376 multa,
1586 1289 1763 1354 nec
1813 1257 2303 1388 pepercisse
2351 1265 2491 1381 iis,

413 1456 690 1551 quae,
767 1425 991 1517 olim
1038 1424 1537 1520 admodum
1609 1427 2003 1556 probata
2069 1452 2229 1523 aut
2273 1460 2495 1559 pro-

412 1591 753 1684 babilia
801 1589 981 1686 visa
998 1662 1023 1709 ‚
1101 1624 1349 1689 nunc
1391 1591 1683 1688 fundo
1743 1594 2082 1689 idoneo
2135 1595 2493 1693 destitui

408 1758 971 1852 videbantur.
1072 1759 1368 1854 Video
1419 1759 1793 1887 quidem
1829 1758 2013 1855 hoc
2054 1759 2221 1855 esse
2259 1767 2494 1861 inter

354 1965 373 1984 ·
411 1916 659 2017 mala
702 1956 1039 2054 operae
1076 1957 1379 2041 meae,
1437 1926 1690 2054 quod
1720 1926 1971 2019 nulla
2003 1927 2125 2021 est
2163 1927 2494 2025 harum

417 2091 963 2209 editionum,
1020 2124 1256 2220 quae
1286 2094 1540 2187 alteri
1567 2094 1903 2221 vbique
1929 2091 2490 2226 respondeat.

417 2260 678 2381 Quid
735 2282 1047 2353 tamen
1112 2261 1211 2350 in
1267 2257 1680 2361 humana.
1732 2259 1908 2357 hac
1969 2261 2493 2361 infirmitate

416 2428 739 2544 facias,
830 2458 1092 2541 cum,
1190 2426 1913 2556 quotiescunque
1968 2428 2353 2560 aliquid,
2433 2464 2493 2529 a

416 2619 504 2690 te
559 2585 988 2691 curatum
1047 2593 1206 2688 aut
1269 2594 1873 2713 elaboratum,
1978 2602 2310 2694 iterum
2353 2605 2491 2694 in·-

414 2761 831 2893 spexeri8‚
876 2764 1143 2855 toties
1169 2757 1479 2856 videas
1508 2759 1704 2880 ess'e,
1753 2797 1991 2892 quae
2016 2777 2368 2861 mutata
2399 2794 2491 2866 et

414 2927 901 3025 emendata
947 2924 1116 3021 effe
1150 2895 1510 3047 malles,
1600 2932 1940 3023 etiamst
1981 2965 2174 3025 non
2218 2937 2490 3033 nimis

411 3095 821 3191 morosus
862 3098 971 3189 fis
1016 3119 1229 3190 tuae
1286 3125 1623 3226 operae
1679 3098 1952 3192 iudex
2009 3132 2119 3195 ac
2160 3100 2490 3198 censor.

406 3268 732 3392 Itaque
774 3267 1041 3359 venia
1108 3294 1477 3392 quoque
1546 3266 1853 3359 danda
1907 3267 2134 3359 mihi
2193 3269 2352 3387 est,
2425 3272 2494 3366 fi

413 3431 875 3525 interdum
934 3425 1364 3524 mutarim
1425 3430 1949 3527 sententiam
1967 3504 1992 3551 ‚
2078 3436 2255 3530 alia
2300 3471 2495 3531 am-

413 3598 734 3726 plexus
776 3598 978 3715 fim,
1042 3589 1356 3692 autad
1402 3602 1775 3728 pristina
1814 3603 2261 3698 redierim.
2344 3607 2493 3701 Est

413 3762 845 3858 immensa
874 3797 1184 3859 rerum
1220 3766 1539 3883 moles,
1584 3801 1820 3895 quae
1853 3774 1950 3862 in
1979 3796 2168 3865 tam
2204 3772 2484 3906 longo

420 3964 749 4061 operae
804 3927 1076 4028 ‘cursu
1115 3938 1539 4052 occurrit;
1632 3970 1807 4031 nec
1861 3936 2203 4068 semper
2243 3942 2491 4038 idem

418 4102 532 4192 est
574 4105 857 4194 animi
900 4100 1269 4195 habitus
1314 4124 1405 4195 et
1442 4095 1770 4220 sensus;
1836 4103 2293 4202 afferimus
2322 4112 2494 4202 im-

422 4270 905 4389 prudentes
955 4300 1107 4384 ea,
1156 4301 1389 4395 quae
1415 4293 1721 4364 mente
1749 4275 1845 4363 in
1875 4273 2070 4367 aliis
2102 4280 2488 4405 negotiis
