3075 5114
592 335 740 432 498
1009 334 1094 408 P.
1146 335 1648 413 vmo1L11
1705 332 2237 413 MARONIS

593 528 794 619 Ergo
855 527 1006 597 rite
1041 520 1249 596 suum
1298 524 1596 599 Baccho
1659 525 1994 600 dicemus
2052 525 2426 600 honorem

599 656 1073 733 Carminibus
1121 665 1411 759 patriiS,
1481 661 1889 760 lancesque
1943 678 2019 733 et
2062 660 2213 735 liba
2260 660 2628 750 feremu53
2736 692 2747 701 ·

598 800 693 869 Et
737 794 1005 869 ductus
1041 818 1281 867 cornu
1324 793 1539 868 stabit
1572 796 1773 869 sacer
1804 794 2055 868 hircu's
2094 793 2192 867 ad
2233 821 2459 884 aram,
2528 792 2683 891 395

597 933 1067 1029 Pinguiaque
1108 933 1188 999 in
1224 928 1521 1004 veribus
1566 928 2015 1003 torrebimus
2062 947 2233 1002 exta
2273 931 2629 1005 columis.

741 1059 863 1136 Est
902 1067 1127 1135 etiam
1167 1062 1298 1136 ille
1341 1063 1561 1139 labor
1607 1065 1951 1143 curandis
1998 1063 2270 1137 vitibus
2321 1065 2532 1157 alter,

602 1202 747 1274 Cui
785 1222 1202 1297 numquam
1244 1198 1575 1274 exhausti
1616 1200 1781 1275 satis
1844 1198 1980 1275 est:
2074 1226 2407 1301 namque
2459 1227 2692 1276 omne

1640 1318 1649 1327 Ι
1853 1340 2258 1436 quotannis

737 1516 840 1585 393
859 1515 1008 1585 suos
1042 1515 1291 1570 bonores
1332 1515 1490 1570 codd.
1537 1516 1744 1589 aliquot
1786 1518 1976 1581 Pierii,
2043 1517 2188 1592 quod
2232 1516 2327 1591 ipfi
2368 1536 2477 1571 rem
2520 1517 2686 1590 splen·

600 1599 863 1654 didiorem
905 1599 1111 1654 efficere
1154 1600 1437 1655 videbatur.
1525 1601 1823 1674 honestum
1849 1632 1919 1645 —
1948 1603 2224 1657 honorem
2262 1602 2569 1671 displicebat
2608 1606 2688 1657 Io.

600 1686 914 1741 Schrader-o,
1053 1686 1154 1756 394
1192 1689 1506 1756 laticesque
1552 1701 1604 1743 et
1645 1690 1864 1751 franc„
1908 1708 2003 1761 per
2039 1690 2091 1745 fe
2129 1708 2237 1741 non
2266 1689 2419 1741 male.
2485 1689 2696 1762 seren·
2754 1696 2761 1704 ‘

603 1788 687 1826 tes
714 1772 920 1825 zulich.
1077 1775 1177 1843 395
1215 1774 1287 1826 Et
1332 1772 1519 1825 ductis
1561 1772 1706 1828 Gud.
1743 1793 1772 1827 a
1812 1793 1884 1826 m.
1914 1793 1991 1844 pr.
2050 1748 2335 1828 *ducens
2372 1774 2520 1827 Leid.
2570 1790 2689 1828 tert.

601 1861 662 1914 St
704 1860 907 1911 ductus
935 1858 1083 1911 Seru.
1115 1858 1181 1910 ad
1211 1862 1342 1912 Aen.
1369 1859 1460 1915 lx.
1493 1861 1595 1927 627
1639 1860 1696 1910 in
1721 1858 1842 1911 edd.
1885 1858 2221 1929 quibusdam.
2273 1856 2464 1928 stabit
2507 1878 2690 1911 cornu

597 1944 748 1999 Leid.
793 1943 937 1995 alter.
1012 1943 1094 1996 ad
1136 1963 1268 1997 aras
1310 1942 1429 1996 edd.
1457 1943 1719 1997 Macrobii
1751 1945 1861 1997 Sat.
1888 1944 1982 2003 lv,
2010 1962 2060 1996 2.
2146 1944 2294 1996 Seru.
2333 1942 2400 1993 ad
2426 1951 2556 1994 Aen.
2586 1943 2683 1995 IX»

563 2042 564 2045 ’
598 2033 702 2097 627
741 2030 812 2081 in.
840 2028 1056 2099 scriptis.

602 2117 703 2186 397
745 2113 1031 2166 curandus
1062 2114 1240 2166 Franc.
1315 2116 1431 2168 alce
1463 2115 1601 2169 Ven.

602 2278 872 2359 spicitur.
1008 2276 1425 2337 Carminibus
1484 2300 1609 2360 pa·

609 2384 775 2440 eriis.
877 2380 1074 2438 Fuere
1123 2380 1283 2440 adeo
1334 2386 1608 2442 carmina

608 2487 861 2565 antiqua
889 2482 1323 2543 Romanorum
1366 2488 1433 2544 in
1461 2485 1607 2545 Bac·

607 2586 707 2648 chi
802 2585 1108 2646 honorem
1187 2590 1326 2645 cani
1408 2587 1604 2648 solita.

599 2690 736 2752 Alia
786 2688 959 2749 fuere
1024 2687 1442 2748 Fescennina:
1523 2691 1602 2751 de

602 2792 830 2877 quibus
878 2791 1092 2873 paullo
1126 2806 1288 2851 ante.
1364 2792 1612 2860 lauces,

598 2911 663 2957 et
706 2894 962 2980 quidem
1019 2897 1087 2953 in
1153 2897 1228 2953 iis
1276 2892 1415 2953 liba
1492 2895 1607 2972 (cf.

598 2998 729 3078 sup.
796 2999 876 3057 ad
917 3020 975 3058 v.
1033 3000 1223 3077 192),
1325 2997 1610 3057 feruntur

603 3103 684 3162 ad
764 3121 915 3160 aras.
1053 3119 1262 3158 cornu
1337 3099 1609 3158 ducitur

604 3208 856 3264 victima
899 3207 1020 3263 ritu
1073 3200 1401 3261 sacrorum.
1447 3199 1454 3214 '
1507 3203 1609 3261 Sic

602 3321 667 3367 et
718 3303 907 3380 stare
980 3303 1238 3364 verbum
1305 3304 1606 3365 sollenne.

602 3408 745 3468 vide
786 3409 960 3466 Seru.
1030 3406 1336 3466 Victimae
1381 3420 1608 3486 partes,

602 3530 769 3593 quae
833 3528 967 3568 non
1009 3511 1076 3569 in
1120 3498 1225 3569 ara
1272 3507 1611 3569 adoleban-

603 3629 725 3685 tur,
765 3611 944 3671 sacris
974 3613 1171 3692 epulis
1205 3611 1609 3693 apponeban-

603 3731 740 3786 tur,
826 3711 972 3774 hinc
1012 3735 1066 3776 v.
1115 3716 1242 3794 396
1324 3713 1608 3773 colurna

605 3836 821 3876 verua
863 3835 937 3875 ex
985 3814 1234 3898 con-5103
1289 3836 1476 3897 quam
1509 3835 1607 3875 ar-

1210 2031 1312 2099 396
1353 2031 1735 2100 torquebimus
1757 2027 1955 2083 Medic.
1986 2026 2158 2081 Pierii.
2252 2027 2478 2080 veribus
2516 2028 2680 2081 Rom.

1805 2280 2210 2358 597—407.
2271 2272 2482 2337 Restat
2531 2276 2686 2337 alius

1693 2378 1871 2440 labor
1925 2383 1995 2439 in
2055 2400 2201 2439 cura
2264 2383 2480 2439 vitium
2542 2375 2691 2458 (est

1694 2485 1898 2540 etiam
1958 2483 2135 2541 alcet-
2172 2481 2288 2540 ille
2343 2482 2539 2542 labor
2586 2503 2692 2543 cu·

1691 2587 2021 2646 randarnm
2055 2589 2330 2663 vitium),
2377 2590 2484 2669 qui
2511 2606 2689 2645 num-
2790 2655 2794 2659 ¹

1695 2709 1884 2770 quarn
1954 2687 2208 2762 finitur,
2304 2703 2372 2748 vt
2442 2692 2689 2748 vineam

1692 2794 1921 2850 iterum
1972 2794 2322 2876 iterumque
2352 2790 2687 2873 repastines
2782 2817 2797 2828 x

1695 2894 1964 2974 (fodias)
1982 2936 2004 2967 ,
2091 2898 2416 2976 pampinos
2429 2937 2451 2968 ,
2533 2898 2688 2954 vites

1698 2995 2031 3079 oblaquees
2109 3019 2182 3057 ac
2266 3013 2486 3079 putes,
2579 2997 2690 3055 cui

1693 3119 2064 3181 numquam
2129 3100 2306 3178 sacis
2390 3096 2689 3174 exhausti

1695 3203 1847 3282 (pro
1877 3198 2303 3276 exhaustionis,
2344 3204 2584 3278 Sera),
2624 3199 2683 3259 h.

1695 3309 1803 3386 qui
1846 3323 2184 3386 numquam
2229 3305 2363 3364 satis
2411 3302 2686 3363 exhauri-

1694 3420 1810 3464 tur.
1853 3406 2051 3486 Multa
2076 3407 2156 3466 de
2185 3404 2278 3466 his
2301 3405 2535 3466 videbis
2552 3425 2685 3466 mo-

1690 3514 1824 3569 nita
1860 3508 2186 3569 incolum.
2215 3509 2326 3581 lv,
2347 3513 2525 3573 33-
2548 3510 2650 3573 28.

1779 3613 1924 3690 398.
1965 3631 2255 3694 namque
2279 3633 2398 3693 pro
2426 3614 2682 3696 vulgari,

1689 3731 1920 3794 nempe
1971 3715 2192 3797 quod..
2247 3714 2347 3792 Ad
2389 3736 2521 3776 rem
2561 3717 2685 3776 Co-

1688 3814 1917 3878 lumell.
1968 3817 2083 3891 lv,
2126 3826 2190 3897 4,
2245 3840 2270 3879 ι
2356 3820 2685 3878 Numerus

601 3917 824 3979 borem
911 3936 1050 3977 cum
1134 3917 1364 3998 dilectu
1445 3922 1604 3999 poni
1684 3933 1911 3977 aretem
1954 3918 2267 3980 vertendi
2286 3922 2430 3998 soli
2455 3918 2684 3980 biden-

601 4023 781 4080 aiunt
835 4021 1206 4100 interpretes
1251 4041 1325 4080 ex
1374 4041 1430 4080 v.
1477 4041 1641 4102 299!
1685 4003 1898 4088 tibus)
1973 4037 2051 4082 vc
2126 4043 2360 4082 verum
2414 4024 2683 4104 fatear,

598 4122 786 4181 Neue
834 4123 1016 4182 incer·
1070 4125 1241 4185 vites
1299 4125 1601 4185 cerulum
1682 4122 2100 4204 definiendus
2143 4147 2280 4186 non
2321 4124 2453 4203 est,
2507 4146 2683 4192 eum,

584 4224 765 4304 sere.
1683 4245 1934 4311 quanto
1981 4229 2279 4293 crebrior
2319 4230 2456 4307 fic,
2523 4231 2680 4312 plus
2758 4292 2760 4294 ,
