3075 5114
577 307 728 397 544

1000 302 1088 377 Ρ.
1137 271 1640 379 vinomn
1699 302 2232 388 MARoms

582 499 908 595 Propter
944 518 1256 594 aquam,
1321 491 1551 566 tardis
1595 497 1858 593 ingens
1898 492 2025 568 vbi
2067 491 2380 569 flexibus
2424 495 2624 573 errat

584 635 913 706 Mincius
962 646 1038 703 et
1073 647 1330 702 tenera
1378 634 1745 727 praetexit
1791 628 2158 702 arundine
2209 633 2426 729 r1pas.

2588 635 2676 707 15

588 772 680 839 In
715 761 969 840 medio
1019 761 1201 837 mihi
1251 758 1516 838 Caesar
1562 769 1733 855 erit,
1800 762 2322 865 templumque
2363 767 2674 842 tenebit.

589 901 709 977 Illi
752 906 992 978 victor
1034 924 1217 1000 ego,
1298 917 1374 973 et
1415 900 1650 994 Tyrio
1696 891 2133 1000 conspectus
2171 903 2253 970 in
2301 899 2524 995 ostro,

733 1129 794 1183 17
835 1114 968 1173 Im,
1034 1109 1182 1183 quod
1208 1108 1398 1180 vbique
1436 1110 1638 1173 editur,
1699 1127 1874 1166 tuetur
1901 1111 2099 1167 Medic.
2146 1132 2268 1167 cum
2301 1113 2443 1174 aliis.
2517 1116 2574 1168 h.
2621 1117 2680 1172 in

589 1197 827 1254 Caesaris
889 1196 1169 1249 honorem.
1267 1199 1333 1250 At
1381 1198 1518 1250 luto
1576 1198 1882 1260 Romanus,
1959 1199 2157 1252 Medic.
2214 1219 2335 1253 cum
2389 1200 2500 1253 aliis
2547 1203 2683 1256 anti-

471 1333 484 1346 ,
591 1282 850 1358 quissimis
890 1271 1061 1335 Pierii.
1136 1281 1225 1334 Sic
1262 1283 1316 1335 in
1348 1277 1524 1335 Franc.
1567 1283 1622 1334 in
1652 1282 1957 1356 Cantabrig.
2002 1301 2056 1340 ct
2090 1285 2371 1349 Arundel„
2430 1284 2486 1340 h.
2525 1303 2571 1344 e.
2607 1290 2679 1343 ad

588 1368 869 1442 templum.
946 1368 1113 1422 Porro
1160 1379 1215 1421 ee
1259 1366 1480 1422 abest)
1524 1367 1705 1421 franc.

592 1561 726 1608 tem
786 1549 953 1626 inter
1014 1543 1261 1604 diuinos
1328 1540 1601 1603 honores

592 1655 783 1712 etiam
815 1648 1104 1709 ludorum
1137 1644 1431 1706 sollennia
1462 1643 1599 1718 fint,

594 1759 784 1815 etiam
830 1751 987 1810 haec
1013 1753 1080 1809 in
1110 1747 1363 1831 Augusti
1402 1747 1604 1809 hono-

597 1877 732 1917 rem
777 1853 836 1915 se
910 1852 1221 1913 editurum
1275 1847 1396 1912 effe
1452 1870 1603 1932 pro·

599 1963 808 2020 mittit.
900 1957 965 2014 Si
997 1951 1208 2015 ‘autem
1254 1957 1493 2036 ingenii
1533 1957 1603 2012 in

596 2075 790 2141 poeta
835 2063 1080 2138 copiam
1113 2071 1177 2116 et
1218 2060 1603 2117 incrementa

597 2160 972 2242 cognoscere
1005 2160 1233 2238 volupe
1281 2157 1387 2232 est,
1436 2158 1603 2221 cons.

601 2279 753 2324 extr.
826 2278 1069 2344 partem
1127 2263 1388 2323 Aeneid.
1433 2260 1604 2334 vm,

604 2369 666 2427 e‘t
705 2386 872 2437 eum,
915 2371 1022 2447 qui
1051 2366 1257 2427 locum
1287 2380 1433 2426 ante
1457 2385 1608 2424 ocu-

600 2468 696 2530 los
756 2466 1008 2542 habuit,
1086 2469 1349 2528 Statium
1400 2465 1605 2528 Theb.

515 2622 526 2635 .
599 2572 682 2645 11,
750 2575 874 2648 7²8
920 2606 1008 2618 —
1058 2582 1202 2651 740.
1309 2572 1606 2634 Ceterum

598 2674 793 2734 multa
838 2673 918 2734 ad
961 2672 1021 2735 h.
1075 2675 1116 2735 l.
1182 2675 1602 2756 disputantem

599 2778 744 2838 vide
793 2774 1223 2859 sagaciffimum
1266 2800 1337 2840 ac
1390 2778 1608 2840 doctis·

603 2865 1056 2940 fimum'virum
1079 2881 1407 2955 Hurdium,
1436 2903 1607 2942 nunc

600 2983 763 3043 Ven.
827 2982 1297 3065 vigorniensem
1377 2984 1608 3061 (wor-

610 3084 900 3165 cessriae)
930 3085 1320 3166 Episcopum,
1367 3088 1446 3146 ad
1475 3087 1611 3146 Ho-

600 3203 717 3249 rat.
775 3185 1085 3269 Epistad
1134 3191 1292 3274 Aug.
1334 3188 1477 3251 Vol.
1523 3187 1605 3264 11,

610 3311 756 3375 pag.
786 3292 890 3367 43.

723 3394 819 3455 13.
858 3393 1171 3454 Victoriae
1233 3411 1610 3455 monumen-

607 3509 741 3557 tum
772 3492 1070 3556 exstruam
1099 3498 1422 3577 templum,
1450 3498 1608 3558 Cae-

609 3595 752 3656 saris
812 3590 994 3658 tiflilo
1039 3600 1407 3662 ornandum.
1485 3620 1609 3680 po-

608 3718 771 3757 nera
818 3700 1166 3781 templum,
1205 3700 1471 3773 τιθέναι,
1516 3700 1607 3761 sa-

609 3804 685 3860 tis
717 3815 959 3862 notum.
1046 3804 1354 3885 Propter,
1399 3823 1605 3884 prope

609 3902 951 3978 Mincium,

1688 1543 1920 1627 Georg.
1950 1543 2031 1618 11,
2075 1541 2213 1626 198.Ι
2269 1544 2378 1607 ins.
2406 1548 2563 1609 Aen.
2590 1550 2677 1624 X,

1689 1650 1835 1712 206.
1867 1681 1954 1695 —
2062 1652 2157 1712 16.
2197 1647 2410 1710 Statua
2466 1652 2567 1712 dei
2611 1657 2681 1715 in

1685 1749 1897 1811 medio
1945 1752 2216 1831 temple,
2295 1756 2365 1815 ἐν
2401 1752 2487 1837 τῷ
2535 1753 2681 1836 ναῷ,

1685 1849 1975 1913 sacrario:
2034 1868 2099 1913 vt
2142 1851 2322 1935 saepe
2359 1857 2429 1914 in
2473 1861 2682 1918 nuruis

1686 1951 1913 2014 visitur.
2676 1933 2689 1950 ἱ

1785 2076 1880 2136 17.
1915 2058 2138 2115 viceor
2163 2076 2326 2135 ego,
2394 2060 2505 2138 qui
2550 2065 2689 2119 car-

1689 2162 1871 2219 minis
1901 2160 2172 2241 palmam
2205 2179 2276 2218 ac
2312 2158 2574 2242 gloriam
2618 2166 2692 2224 in

1690 2265 1950 2343 patriam
1999 2261 2352 2341 retulerim3
2403 2264 2470 2324 id
2515 2267 2690 2347 quod

1691 2363 1980 2425 absolutis
2068 2365 2424 2448 Georgicis,
2526 2389 2688 2451 quae

1688 2466 1957 2548 Neapoli
2005 2464 2338 2542 scribebat,
2410 2468 2685 2529 futurum

1692 2584 1859 2649 erat3
1940 2568 2047 2630 etsi
2092 2570 2211 2633 hoc
2247 2573 2550 2633 adiectum
2588 2574 2687 2632 ni-

1691 2677 1805 2733 mis
1848 2673 2169 2756 angustum
2227 2675 2420 2736 videri
2463 2671 2683 2755 potest.

1691 2777 2000 2857 Loquitur
2050 2794 2235 2861 poeta
2291 2781 2547 2839 omnino
2601 2778 2684 2839 de

1694 2880 1890 2962 gloria
1968 2902 2039 2941 ac
2119 2881 2305 2941 laude
2380 2883 2686 2942 carminis.

1692 2983 2006 3063 Purpura
2062 2984 2483 3064 conspicuum
2538 2987 2691 3045 dixit

1692 3083 1791 3159 se,
1848 3101 2163 3173 tamquam
2197 3107 2376 3159 eum,
2445 3091 2554 3171 qui
2593 3089 2690 3148 lu·

1694 3187 1810 3249 dos
1892 3191 2141 3263 ederet,
2224 3188 2690 3273 magistratuum
2774 3230 2779 3235 ι

1694 3292 2015 3371 exemplo,
2079 3294 2190 3375 qui
2266 3292 2447 3355 ludos
2515 3316 2691 3359 cura-

1691 3390 1876 3466 bant,
1920 3408 2236 3474 praetexta
2267 3396 2506 3478 induti3
2542 3418 2692 3479 pur-

1690 3514 1850 3575 pura
1881 3498 1945 3554 in
1975 3510 2159 3579 togae
2210 3518 2318 3559 ora
2350 3516 2690 3583 praetexta.

1690 3598 1772 3656 At
1816 3618 2128 3679 purpurea
2175 3599 2350 3662 vestis
2397 3623 2533 3664 non
2571 3604 2692 3665 fuit

1687 3696 1803 3761 nifi
1882 3701 2393 3784 triumphantium
2480 3726 2688 3788 eaque

1688 3807 1889 3884 picta,
1961 3826 2112 3868 auro
2158 3804 2457 3868 distincta.
2555 3807 2688 3872 Nifi

1037 3905 1117 3968 de
1189 3912 1360 3967 cuius
1419 3910 1606 3966 inun-
1685 3909 1755 3966 in
1798 3894 2051 3971 Graecis
2095 3909 2446 3972 ciuitatibus
2497 3911 2687 3972 alium

606 4004 809 4066 dantis
860 4011 1060 4070 vicina
1104 4015 1276 4093 aquis
1321 4007 1604 4091 stagnan-
1684 4031 1922 4072 morem
1954 4012 2129 4076 fuiffe
2157 4015 2518 4076 contendas.
2574 4015 2685 4074 Sa·

606 4105 766 4166 tibus
859 4110 1041 4193 supra
1155 4114 1420 4173 vidimus
1521 4112 1602 4180 ad
1685 4116 2003 4176 cerdotum
2038 4138 2374 4199 purpuram
2410 4116 2534 4182 huc
2571 4120 2682 4179 ad-

600 4209 814 4317 Eclog.
874 4213 925 4289 1,
967 4220 1071 4315 52.
1137 4215 1275 4315 ΥΠ,
1325 4236 1421 4317 ¹²)
1498 4218 1597 4315 15.
1681 4217 1944 4282 vocabat
1978 4221 2245 4286 Seruius.
2308 4222 2473 4286 conf.
2515 4222 2703 4301 Ptin„
