3075 5114
481 372 1172 453 GEORGICON
1218 375 1426 448 LIB.
1462 377 1602 467 IV,
1651 376 2076 474 276—-283

2229 409 2384 484 709

289 569 473 656 Nee,
518 590 753 665 genus
785 565 983 640 vnde
1011 590 1261 641 nouae
1290 562 1527 665 stirpis
1556 582 1977 657 reuocetur,
2027 538 2372 664 habebit3

287 703 620 802 Tempus
678 720 756 777 et
805 702 1111 778 Arcadii
1161 700 1655 777 memoranda
1695 704 2005 775 inuenta
2049 705 2372 808 magistri

422 902 526 957 282
566 900 807 957 habenis
832 902 1012 969 Rom„
1047 901 1266 958 ferrem:
1299 875 1579 955 'habehim

280 1088 401 1131 nea
437 1068 594 1131 fide:
656 1065 1032 1131 ass'enserunt
1073 1084 1284 1128 tamen

281 1173 566 1258 Hyginus
623 1192 695 1233 ac
754 1172 981 1233 Celsus.
1078 1171 1283 1251 Expe-

280 1281 617 1337 timentum
659 1262 751 1335 rei
795 1279 903 1358 qui
932 1269 1276 1346 instituerit,

281 1398 417 1439 non
460 1392 869 1438 memoratum
916 1376 1061 1437 vidi.
1168 1376 1280 1436 Vi-

281 1482 466 1542 detur
495 1480 599 1540 illa
623 1480 895 1539 Orientis
928 1479 1077 1541 olim
1109 1500 1279 1541 com-

276 1586 489 1671 munis·
524 1584 741 1663 opinio
774 1577 969 1655 fuiss'e,
1030 1598 1097 1643 vt
1145 1604 1279 1645 om-

282 1689 438 1747 nino
469 1682 713 1757 insecta,
758 1687 839 1744 ita
874 1706 1019 1767 apes
1052 1708 1122 1746 ex
1160 1708 1278 1767 pu-

278 1788 471 1850 tribus
516 1786 914 1849 cadaueribus
957 1793 1276 1872 generari;

278 1896 377 1953 cui
428 1892 531 1951 iila
573 1889 921 1952 obseruatio
978 1890 1138 1953 forte
1183 1892 1277 1952 lo·

282 2016 423 2057 cum
466 1995 730 2068 fecerat,
792 1994 964 2078 quod
1020 2015 1166 2076 apes
1206 1998 1277 2055 in

277 2103 353 2158 iis
411 2101 622 2170 terris,
717 2095 821 2155 vbi
877 2094 1093 2178 paffim
1160 2119 1278 2179 per

275 2199 451 2260 siluas
481 2214 545 2259 et
586 2193 713 2259 fine
755 2198 925 2258 cultu
964 2198 1277 2282 vagaban-

276 2316 411 2373 tur,
466 2300 590 2361 mel
626 2299 939 2359 interdum
985 2305 1051 2360 in
1093 2302 1274 2362 cada-

273 2403 555 2477 veribus,
606 2401 714 2462 sed
749 2399 1088 2477 exficcatis,
1137 2424 1274 2466 non

271 2528 458 2581 vero,
531 2505 702 2590 quod
741 2521 1028 2580 narrant,
1104 2505 1271 2569 sanie

274 2608 729 2683 diffluentibus,
799 2607 944 2688 (etfi
985 2631 1105 2671 nec
1149 2608 1272 2671 hoc

274 2717 536 2775 omnino
579 2733 795 2771 verum
829 2709 950 2773 effe
980 2711 1271 2794 perhibe-

271 2831 413 2886 tur;
486 2835 544 2874 v.
590 2815 757 2875 Nota
799 2816 1140 2876 Becmanni
1191 2817 1269 2875 ad

268 2920 567 3002 Antigon.
627 2914 856 3001 Caryst.
923 2939 1066 3003 pag.
1124 2922 1266 2998 106)

272 3043 463 3106 quam
524 3040 673 3103 apes
737 3019 1129 3097 auersantur‚
1205 3035 1271 3081 vt

270 3125 469 3186 leonis
564 3123 866 3184 Samsonii
984 3123 1270 3204 exemplo

270 3223 544 3299 constat,
658 3225 862 3286 facere
954 3224 1266 3287 videbant.

267 3331 468 3391 Huius
537 3349 755 3409 porro*
809 3331 903 3400 rei
977 3315 1267 3390 obserua-

265 3437 441 3494 tione
500 3430 785 3504 adducti,
863 3430 1074 3507 fuere,
1158 3436 1268 3515 qui

264 3533 454 3597 fidem
523 3535 836 3605 facerent,
920 3533 1015 3609 se,
1123 3556 1266 3594 cum

267 3659 462 3718 apum
505 3640 789 3697 examina
829 3655 1000 3697 noua
1036 3634 1266 3697 habere

262 3742 522 3813 vellent,
555 3760 750 3800 verno
781 3742 931 3799 anni
957 3753 1263 3819 tempore,

263 3863 454 3925 apum
498 3843 724 3904 fetibus
759 3846 942 3904 nouis
974 3861 1010 3900 a
1041 3856 1264 3901 natura

262 3944 569 4026 destinato
586 3987 608 4019 ‚
731 3945 996 4006 cadauer
1084 3942 1265 4004 bouis

261 4050 598 4111 commodo
669 4048 815 4110 loco
891 4043 1260 4130 exposuiffe,

262 4172 393 4234 quo
446 4172 594 4232 apes
665 4164 979 4236 tamquam
1039 4151 1120 4211 ad
1177 4149 1265 4212 al-

259 4272 446 4315 veum
484 4254 927 4333 conuolarent,
976 4270 1039 4316 et
1067 4270 1266 4318 mater

342 4352 545 4417 Tou.
587 4349 621 4415 Ι

1366 1063 1471 1128 seu
1500 1088 1811 1150 puerpera
1843 1090 1967 1132 oua
1998 1069 2366 1152 deponeret.

1366 1168 1438 1231 cf.
1485 1170 1853 1232 Mellmann.
1887 1174 2237 1242 Commeat.
2281 1177 2370 1239 de

1364 1276 1641 1331 mutatis
1678 1276 1933 1354 formis
1980 1298 2042 1358 p.
2087 1282 2189 1342 25.
2289 1283 2368 1344 In

1364 1372 1681 1458 angustam
1749 1375 1919 1437 illam
1989 1378 2245 1469 donnum
2307 1405 2368 1446 v.

1367 1482 1490 1558 295
1518 1513 1606 1525 ——-
1634 1480 1759 1558 298
1844 1500 1987 1560 apes
2041 1482 2364 1563 appofitae

1363 1578 1555 1641 casiae
1629 1580 1947 1665 thymique
1996 1582 2342 1665 fragrantia

1359 1703 1415 1742 v.
1475 1684 1622 1747 303.
1704 1685 1834 1763 304
1916 1683 2362 1751 alliciebantur.

1361 1783 1555 1866 Quod
1627 1800 1836 1845 autem
1912 1788 2368 1861 contundendo

1361 1885 1709 1949 enecabant
1750 1887 2002 1962 bouem,
2043 1891 2113 1952 id
2140 1913 2363 1956 vereor

1357 2011 1444 2051 ne
1503 1996 1676 2051 inani
1735 1994 2024 2071 opinioni
2085 1993 2363 2057 tribuen-

1362 2092 1511 2152 dum
1543 2086 1650 2164 fit3
1707 2090 1821 2153 nifi
1865 2094 2038 2177 quod
2078 2097 2239 2160 forte
2274 2099 2360 2162 fic

1357 2196 1727 2276 putrefactio
1882 2199 2358 2264 accelerabatur.

1358 2297 1655 2359 Ceterum
1731 2299 2185 2383 Aegyptiorum
2261 2310 2358 2365 in-

1356 2417 1612 2462 ventum
1675 2402 1754 2462 ad
1801 2402 2174 2467 Thessaliam
2231 2422 2353 2469 tra-

1358 2505 1528 2565 duxit
1556 2505 1739 2566 Maro
1769 2528 1824 2570 v.
1856 2506 1980 2588 317
2011 2507 2095 2592 sq.

1484 2610 1629 2671 282.
1693 2629 1903 2687 genus
1949 2633 2170 2670 nouae
2195 2610 2357 2690 stir-

1346 2711 1491 2793 pis,
1573 2732 1768 2793 genus
1807 2733 2080 2788 nouum,
2161 2735 2196 2775 a
2239 2737 2355 2777 no.

1353 2834 1427 2873 va
1460 2810 1645 2893 stirpe
1677 2816 2032 2890 oriundum,
2073 2839 2357 2883 examen.

1357 2914 1502 2979 283.
1545 2914 1837 2976 Arcadii
1870 2917 2185 2999 magzssn',
2241 2944 2357 3004 pa-

1353 3012 1563 3090 stori8‚
1647 3020 1934 3095 Aristaei,
2020 3024 2142 3083 vid.
2193 3025 2355 3086 infra

1352 3141 1409 3182 v.
1471 3123 1597 3201 317
1660 3137 1724 3182 et
1783 3125 1929 3203 539.
2060 3124 2356 3211 Sequitur

1352 3227 1541 3305 igitur
1572 3228 1638 3283 in
1669 3222 1789 3285 hoc
1818 3226 2000 3288 Maro
2032 3248 2140 3289 eos
2152 3272 2173 3302 ‚
2243 3235 2355 3313 qui

1352 3347 1497 3387 eum
1554 3327 1854 3390 Arcadiae
1909 3326 2166 3391 heroem
2222 3332 2378 3392 edi-¹

1352 3429 1609 3510 derant:
1684 3430 1856 3514 quod
1914 3433 2081 3500 idem
2138 3430 2376 3504 lustin..

1349 3533 1521 3603 XIII,
1555 3553 1616 3612 7,
1660 3554 1755 3601 ιο,
1801 3549 1862 3593 et
1893 3533 2159 3596 Nonnus
2192 3535 2368 3599 Dio-.

1348 3634 1475 3718 nys.
1507 3631 1682 3707 XIII,
1721 3657 1842 3717 277
1889 3635 2029 3697 sunt
2062 3639 2351 3720 amplexi.

1348 3735 1445 3797 Ab
1475 3735 1606 3797 aliis
1650 3738 1729 3797 ad
1757 3734 2123 3801 Thess‘aliffln
2165 3763 2353 3808 reuo-

1352 3854 1519 3899 catus
1557 3838 1858 3901 Aristaeus
1904 3835 2123 3921 heros;
2180 3846 2350 3906 idern

1351 3940 1517 4002 Ceae
1549 3956 1613 4002 et
1653 3943 1911 4027 Cyrenis
1962 3946 2132 4006 cultu
2174 3945 2353 4008 habi-

1351 4061 1465 4105 tus.
1524 4044 1621 4105 Cf.
1657 4046 1737 4106 de
1780 4067 1857 4107 eo
1901 4046 1979 4107 ad
2014 4049 2130 4114 Ge.
2159 4049 2209 4123 1,
2250 4059 2348 4130 14,

1351 4169 1493 4209 cum
1601 4147 2022 4230 disputatione
2120 4149 2352 4213 Thielii

1358 4258 1523 4334 1774
1639 4253 1981 4339 Gottingae
2098 4250 2348 4335 habita0,

1420 4350 1495 4415 M
1515 4377 1575 4415 m
1599 4377 1660 4416 m
1682 4379 1747 4418 m
2222 4360 2228 4368 ’
