3075 5114
627 337 779 437 478
1057 341 1143 416 P.
1187 340 1684 417 VIRG1L11
1743 345 2269 447 MARON-ts

623 528 797 601 Hoc
846 524 1000 614 vbi3
1055 554 1213 603 non
1253 554 1296 602 a
1338 527 1558 630 stirpe
1601 530 1886 626 valent,
1971 534 2376 637 caesaeque
2413 538 2698 608 reuerti

623 657 964 755 Poss'unt,
1050 681 1277 763 atque
1317 668 1465 737 ima
1508 663 1774 740 slmiles
1818 670 2269 746 reuirescere
2314 688 2547 746 terra:

620 795 890 872 Infelix
947 794 1237 897 superat
1276 796 1473 873 foliis
1524 800 1837 877 oleaster
1879 810 2175 879 amariS.

767 935 933 1007 Nec
976 932 1112 1008 tibi
1176 953 1331 1008 tam
1397 938 1729 1039 prudens
1799 945 2199 1043 quisquam
2259 938 2698 1043 persuadeat

1045 1148 1050 1151 .
1091 1092 1094 1095 ’
1863 1094 2149 1167 auctor,
2540 1075 2703 1150 315·

618 1200 1006 1277 Tellurem
1059 1204 1298 1279 Borea
1335 1208 1650 1305 rigidam
1691 1208 2010 1311 spirante
2065 1216 2383 1288 moueri.

754 1406 856 1460 312
892 1407 1050 1458 Haec
1090 1403 1271 1477 fragm.
1314 1406 1509 1463 Mem.
1582 1412 1708 1463 Hoc
1748 1414 1851 1466 vbi
1887 1432 2034 1467 non.-
2079 1414 2460 1487 'interpunxere
2487 1413 2575 1468 alii
2601 1431 2685 1485 ap.

615 1490 901 1561 Philargyr.
968 1491 1182 1543 Wakes.
1223 1490 1289 1544 ad
1327 1494 1534 1549 Lucret.
1572 1497 1664 1559 lv,
1708 1500 1809 1552 662
1874 1499 2345 1572 distinguit.Hoc,
2398 1502 2499 1554 vbi
2535 1516 2588 1554 vt
2622 1496 2686 1553 fit

613 1593 830 1649 propter
871 1577 1005 1640 hoc,
1079 1576 1182 1631 hac
1234 1580 1300 1631 de
1350 1579 1551 1643 caussa,
1579 1609 1649 1622 —-
1700 1584 1911 1655 Infelix
1942 1587 2200 1657 superae.
2286 1589 2418 1641 Mox
2472 1586 2685 1638 malimt

616 1664 892 1734 caesae-ue
931 1673 1166 1725 reuerti,
1250 1683 1380 1728 nec,
1450 1666 1493 1721 Γι
1536 1668 1621 1721 vel
1670 1673 1897 1723 maxime
1947 1672 2208 1743 superiore
2249 1688 2392 1743 parte
2428 1670 2685 1744 praecisus

609 1765 827 1803 truncus
875 1748 1057 1812 fuerit,
1122 1750 1452 1805 renitescunt.
1629 1756 1732 1808 313
1769 1765 1886 1808 ima
1936 1760 2135 1811 valent
2187 1759 2522 1828 teutmscere
2576 1755 2684 1809 Etr.

613 1853 796 1890 terras
825 1836 1021 1889 Medic.
1055 1854 1084 1888 a
1106 1855 1175 1889 m.
1208 1856 1284 1906 pr.
1424 1839 1526 1904 314
1546 1837 1730 1911 solit-t
1748 1842 1991 1913 superat
2017 1844 2210 1895 Moret.
2242 1861 2319 1914 pr.
2445 1843 2547 1894 316
2566 1860 2683 1892 mo·

610 1943 749 1978 vere
787 1942 1001 1984 omnes,
1067 1934 1271 1995 praeter
1308 1923 1613 1977 Romanum
1654 1927 1808 1980 Pierii
1846 1943 1899 1981 et
1935 1928 2155 1981 Mentel.
2194 1946 2272 1999 pr.
2294 1965 2309 1988 ,
2370 1924 2488 1996 qui.
2556 1944 2678 1976 cum

610 2088 779 2150 haud
807 2085 994 2148 dubie
1022 2084 1100 2146 de
1127 2089 1309 2145 vinea
1336 2081 1604 2159 oleastris
1687 2086 1846 2148 adde
1882 2082 2173 2167 Geopon.
2204 2087 2284 2159 V,
2321 2088 2379 2149 6.
2466 2086 2674 2146 Primo

613 2189 846 2254 consita
885 2188 1373 2270 intelligendum.
1683 2208 1818 2249 non
1845 2186 1965 2251 effe
1998 2188 2298 2249 sationem
2326 2188 2679 2249 faciendam

695 2296 842 2357 312.
883 2292 1075 2373 Quod
1101 2290 1145 2352 st
1173 2292 1480 2366 acciderit,
1516 2296 1604 2352 vi-
1660 2289 1873 2379 ⁸flante
1898 2290 2108 2355 borea.
2168 2291 2324 2353 Ptin.
2357 2292 2560 2365 XVII,
2593 2314 2674 2354 22

610 2412 704 2458 tea
758 2395 1012 2478 quidem
1066 2395 1432 2456 reuirescere
1489 2414 1601 2455 ne·
1682 2392 1723 2455 s.
1767 2398 1888 2467 33,
1931 2398 1973 2459 8
2072 2396 2403 2479 quiescere
2442 2411 2679 2457 ventos

605 2514 868 2585 queunt,
913 2499 1058 2560 dum
1088 2502 1325 2561 interea
1357 2494 1600 2560 oleastri
1661 2498 1955 2576 sationis
2029 2496 2142 2559 dia
2223 2497 2623 2579 vtiliffimum
2649 2515 2675 2563 0·

602 2625 803 2667 :nouas
840 2604 1091 2665 frondes
1135 2617 1358 2685 agunt,
1410 2602 1600 2662 adeo-
1674 2594 1977 2686 plerique
2063 2602 2318 2679 austros
2402 2619 2671 2685 optant,

558 2767 565 2774 .
606 2729 734 2791 que
790 2706 902 2768 soli
958 2723 1154 2768 totam
1210 2705 1461 2767 tandem
1507 2709 1598 2764 vi·
1684 2707 1848 2766 Caco
1905 2705 2181 2767 abdicat
2239 2708 2378 2769 add.
2429 2708 2670 2783 XVIII,

599 2832 786 2874 :neam
846 2809 1149 2871 obtinent.
1261 2807 1339 2870 In
1392 2807 1594 2869 verbis
1680 2812 1766 2886 54
1808 2808 1847 2869 s.
1893 2830 1996 2890 77,
2050 2833 2075 2872 1
2136 2810 2211 2870 cf.
2243 2810 2415 2872 Voss.
2502 2811 2669 2870 Tum

601 2920 782 2996 copia
816 2911 932 2991 affl,
983 2935 1103 2974 nec
1131 2928 1339 2980 tamen
1363 2908 1592 2972 otiosa:
1677 2932 1859 2987 vere,
1911 2927 1977 2974 et
2006 2929 2340 2975 auctumno
2384 2912 2672 2975 vitisatio·

604 3040 743 3079 non
792 3017 1013 3077 valent
1050 3037 1096 3074 a
1116 3013 1364 3096 stirpe.-
1432 3013 1492 3076 h.
1533 3034 1592 3076 e.
1676 3036 1825 3077 nem
1921 3015 2266 3079 faciendam
2368 3023 2687 3098 praecipit'

599 3136 924 3204 aegrotant
966 3135 1031 3180 et
1081 3133 1407 3199 corruptae
1456 3115 1594 3177 sunt
1675 3116 1918 3180 noster:
1972 3134 2035 3178 et
2076 3123 2240 3186 inter
2281 3116 2436 3179 haec
2476 3125 2545 3180 in
2575 3121 2667 3180 lo·

596 3226 885 3287 radicitus
914 3238 977 3283 et
1003 3225 1268 3303 penitus.
1338 3219 1594 3295 caesae,
1678 3245 1817 3283 cum
1860 3223 1938 3283 de
1980 3242 2124 3282 vere
2169 3226 2450 3285 excurrit.
2533 3224 2668 3284 No-

594 3326 941 3408 praecisae,
1000 3321 1199 3406 stipite
1231 3322 1334 3385 seu
1368 3337 1589 3382 trunco
1630 3341 1637 3356 *
1674 3347 1751 3386 va
1831 3328 2173 3386 variatione
2262 3340 2665 3406 praeceptum
2746 3391 2757 3412 ⁸

596 3425 917 3490 combusto
1019 3428 1249 3502 acciso,
1371 3425 1584 3488 reciso·
1672 3428 1939 3488 orditur:
2020 3447 2107 3487 ne
2150 3427 2276 3487 cibi
2317 3430 2664 3512 quisquam

572 3532 894 3612 stipat-ae,
981 3527 1249 3612 superest
1313 3519 1588 3592 incendii
1660 3529 2100 3614 perfimdeam·
2174 3530 2251 3590 cf.
2301 3529 2429 3612 sup.
2476 3531 2554 3591 ad
2596 3530 2659 3603 1,

589 3636 951 3709 calamitati,
1000 3632 1327 3696 renitescit.
1413 3635 1588 3717 inso-
1668 3638 1797 3714 456
1887 3636 2040 3694 Non
2124 3633 2246 3694 illa
2310 3636 2660 3717 quisquam

588 3738 714 3807 lix,
754 3736 1138 3800 infecundus.
1669 3757 1774 3796 mo
1814 3753 2010 3797 nocto
2035 3769 2121 3786 --
2161 3737 2332 3822 quod
2364 3738 2555 3808 addit,
2595 3736 2662 3802 id

545 3899 552 3906 .
673 3843 1065 3920 διδ-545.
1151 3839 1252 3903 De
1297 3854 1582 3920 tempore
1669 3843 1940 3902 orationi
2049 3841 2311 3924 vulgaris
2422 3841 2662 3902 formae

587 3942 981 4004 serendarum
1012 3947 1224 4004 vitium
1251 3966 1310 4004 v.
1338 3944 1580 4010 Colum.
1665 3941 1973 4004 fastidium
2028 3942 2356 4027 abstergit,
2419 3938 2662 4002 a'ttctor

586 4046 697 4121 III,
741 4054 836 4125 14,
881 4062 945 4107 et
972 4047 1083 4120 xl,
1119 4068 1177 4121 2,
1211 4068 1309 4108 22.
1346 4051 1445 4111 26.
1478 4068 1582 4127 79.
1667 4061 1805 4106 eam
1833 4045 2152 4131 prudens,
2195 4054 2303 4132 qui
2332 4051 2499 4109 enim
2528 4045 2660 4106 sua-

584 4148 906 4232 Theophr.
968 4149 1046 4209 de
1114 4147 1309 4210 Causs'.
1379 4151 1579 4211 Plant.
1667 4150 1806 4223 det,
1857 4154 1909 4211 is
1951 4147 2039 4212 est
2080 4166 2327 4232 auctor;
2370 4167 2434 4213 et
2476 4150 2656 4209 tellu-
2748 4165 2753 4174 ⁴

583 4249 676 4315 111
686 4297 709 4329 ,
749 4254 812 4335 4.
879 4251 1044 4319 conf.
1076 4250 1136 4316 h.
1169 4254 1211 4317 1.
1255 4253 1579 4315 Manium.
1662 4275 1799 4317 rem
1847 4253 2036 4319 borea
2081 4253 2347 4340 spirante
2393 4252 2655 4338 rigidam
