3075 5114
541 327 724 435 ,πᾶα
1214 329 1953 412 Γ1ῑίιο()·ιεικαινικιι

577 534 823 616 atque
872 516 1055 591 aliis
1118 519 1524 595 nonnullis
1589 520 1822 617 forte
1912 520 2169 620 poetis
2231 514 2385 589 illa
2448 514 2657 586 diui·

579 644 847 718 iziore,
931 669 1142 742 quae
1183 648 1269 718 in
1313 643 1785 717 inueniendi'
1823 643 2239 741 felicitate
2283 643 2658 717 cernitur,

582 769 890 865 ingenii
931 773 1022 838 vi
1074 769 1287 840 cedit
1335 768 1763 867 Virgilius,
1856 773 1942 840 in
2000 769 2198 848 hac,
2288 788 2499 865 quae
2529 758 2661 859 se-

590 890 865 972 cunda
911 887 1056 986 effe
1098 893 1421 964 videtur
1460 891 1564 963 ab
1609 891 1802 973 illa,
1844 891 2114 991 facile
2157 893 2516 1004 ognnium
2557 882 2664 983 es}

576 1016 944 1113 princeps
980 1013 1429 1095 habendus,
1514 1035 1608 1088 vt
1647 1043 1789 1097 ea,
1872 1043 2084 1117 quae
2138 1012 2243 1087 ab
2306 1011 2489 1084 aliis
2531 1036 2667 1082 ac-

592 1139 924 1235 ceperit,
1009 1140 1263 1211 multo
1315 1145 1738 1213 ornatiora
1780 1157 1859 1212 et
1888 1140 2304 1240 pulcrior-a
2359 1132 2463 1207 ab
2505 1136 2670 1207 eius

592 1262 917 1359 ingenio
951 1266 1379 1362 prodeant.
1489 1266 1733 1367 Quod
1777 1260 2169 1367 magistris
2219 1256 2497 1357 nostris
2539 1284 2674 1331 ac-

600 1402 914 1482 ceptum
967 1414 1111 1461 nos
1168 1388 1465 1486 referre
1513 1389 1909 1486 solemus,
1988 1405 2120 1467 vt,
2207 1411 2391 1458 cum
2433 1410 2490 1456 a
2523 1409 2676 1484 pa-

597 1506 945 1582 rentibus
986 1517 1249 1588 vitam
1290 1518 1862 1613 acceperimus,
1947 1509 2052 1584 ab
2095 1511 2251 1584 illis
2288 1526 2556 1582 rectae
2599 1523 2678 1580 et

601 1633 1012 1718 iucundae
1051 1641 1277 1709 vitae
1326 1636 1473 1734 vsu
1526 1618 1964 1739 impertitos
2014 1662 2160 1710 nos
2215 1632 2364 1733 effe
2401 1632 2683 1730 fateae

602 1776 788 1832 mur
801 1785 833 1843 ‚·
912 1753 1065 1832 hoc
1100 1765 1189 1833 in
1233 1760 1430 1841 illis,
1506 1787 1720 1862 quae
1760 1766 1932 1835 iam
1972 1758 2077 1831 ab
2126 1760 2309 1831 aliis
2344 1755 2682 1854 prolata

605 1898 876 1962 erant,
971 1885 1341 1956 accidere
1383 1886 1704 1965 videas,
1788 1901 1881 1955 vt
1929 1909 2033 1954 ex
2086 1879 2412 1979 Virgilii
2465 1883 2683 1979 inge·

606 2006 745 2073 nio
792 2005 1045 2079 multo
1068 2006 1397 2103 felicius
1427 2007 1929 2103 enascantur,
1979 2021 2056 2077 et
2088 2003 2443 2103 pulcrius
2471 1998 2683 2099 efflo—

610 2126 969 2221 rescant5
1058 2146 1186 2219 vt,
1251 2127 1331 2225 fi
1385 2155 1487 2201 ea
1536 2156 1703 2202 non
1757 2132 2164 2206 nouitate,
2261 2144 2352 2198 at
2405 2128 2686 2225 gratia

610 2265 927 2331 tamen,
1029 2254 1468 2354 dignitate,
1561 2250 2017 2348 venustate,
2118 2253 2359 2344 miros
2429 2250 2687 2327 animi

612 2370 944 2484 affectus
977 2393 1356 2448 moueant
1368 2377 1411 2457 ,'
1439 2403 1900 2479 magnaque
1931 2377 2476 2448 admiratione
2506 2399 2712 2482 per-¹

591 2494 990 2593 fundant.
1103 2503 1287 2604 Qua
1312 2504 1400 2572 in
1427 2528 1515 2574 re
1558 2501 1756 2577 mihi
1780 2491 2111 2603 quidem
2136 2505 2222 2574 in
2255 2495 2471 2600 poesi
2501 2524 2686 2571 eun·

617 2621 809 2693 dem
846 2623 1115 2696 locum
1158 2631 1367 2702 tueri
1399 2628 1723 2699 videtur
1777 2626 2203 2730 Virgilius,
2276 2650 2514 2726 quem
2560 2622 2690 2698 Ci-
2755 2666 2760 2670 ·

617 2771 801 2818 cero
859 2751 947 2820 in
1005 2749 1482 2851 eloquentia.
1586 2753 1810 2826 Nam
1855 2767 1934 2823 et
1975 2751 2206 2822 huius
2247 2750 2688 2850 ingenium,

615 2871 843 2968 quod
905 2873 1160 2971 ipsum
1197 2902 1346 2975 per
1396 2873 1498 2970 se
1547 2900 1712 2946 non
1754 2871 2021 2971 facile
2078 2872 2489 2974 praeclari
2541 2868 2694 2942 ali-

617 2996 823 3092 quid
861 2998 1299 3094 proferret,
1390 3001 1478 3068 in
1532 3000 1918 3070 ornandis
1969 3016 2046 3072 et
2101 2993 2706 3096 amplificandis¹

617 3116 974 3190 aliorum
1019 3124 1393 3201 inuentis,
1486 3124 1842 3221 inprimis
1902 3126 1989 3195 in
2041 3119 2462 3217 vestiendis
2512 3142 2696 3190 ora-

620 3243 841 3313 tione
874 3242 1179 3325 Latina
1223 3245 1722 3317 Graecorum
1770 3247 2038 3323 dictis,
2116 3247 2467 3316 eximiae
2499 3238 2696 3337 feli-

626 3366 892 3435 citatis
932 3382 1012 3438 et
1049 3373 1244 3441 artis
1261 3368 1484 3466 fuit:
1566 3372 1852 3471 Itaque
1879 3368 2032 3440 hoc
2072 3370 2156 3438 in
2182 3390 2471 3468 genere
2513 3362 2718 3433 Vin„

617 3485 950 3586 gilium,
1036 3509 1469 3591 poetarum
1532 3492 1994 3570 Ciceronem
2049 3487 2460 3591 appellare
2501 3510 2711 3558 non-.

622 3598 1039 3711 nunquam
1108 3614 1347 3689 lubet.
1476 3616 1642 3693 Illa
1710 3633 1984 3689 autem
2058 3614 2362 3715 ingenii
2417 3611 2699 3684 Maro·

624 3718 856 3806 niani
884 3742 1221 3835 propria
1264 3738 1630 3838 venustas
1661 3744 1747 3811 in
1784 3737 2009 3810 nullo
2053 3741 2216 3809 eius
2258 3760 2494 3834 opere
2530 3758 2702 3804 ma-

620 3859 748 3956 gis
792 3861 1322 3959 cognoscitur,
1389 3891 1640 3966 quam·
1679 3868 1766 3936 in
1811 3862 2268 3963 Georgicis,
2337 3855 2703 3930 omnibus

623 3986 970 4054 numeris
1029 3985 1432 4084 absoluto,
1502 3987 1858 4088 perfecto
1917 4004 1995 4059 et
2018 4041 2021 4046 -
2044 3982 2438 4084 expolito,
2527 4007 2702 4054 car-

627 4107 880 4185 mine,
921 4123 1051 4187 vt,
1081 4107 1159 4202 fi
1199 4115 1284 4184 in
1317 4108 1589 4209 nostra
1630 4113 2281 4211 interpretatione
2318 4105 2473 4178 hoc
2510 4101 2705 4203 affe-

626 4232 858 4326 quuti
888 4229 1213 4329 sumus,
1304 4262 1446 4309 nos
1503 4240 1717 4311 enim
1773 4237 1868 4310 id
1893 4234 2288 4336 sequacos
2346 4226 2493 4333 effe
2542 4254 2712 4304 non.
