3075 5114
631 335 773 413 166

1028 338 1114 412 P.
1160 340 1355 416 VIR
1374 339 1663 414 GILII
1712 340 2241 421 MARONIS

612 522 980 615 ArcadeS,
1032 529 1318 602 inuidia
1358 547 1803 628 rumpantur
1843 549 1923 604 vt
1974 533 2099 606 ilia
2152 533 2444 625 Codr03

613 660 798 751 Aut,
850 657 905 733 fi
942 660 1130 735 vltra
1169 655 1533 764 placitum
1578 663 1932 758 laudarit,
2001 666 2323 744 baccare
2367 668 2698 744 frontem

621 796 950 895 Cingite,
1040 824 1142 872 ne
1194 803 1346 871 vati
1402 818 1676 873 noceat
1720 801 1915 873 mala
1956 801 2211 903 lingua
2262 803 2543 877 futuro.

722 957 787 1004 o.
820 930 1103 1006 Saetosi
1148 952 1373 1033 caput
1414 934 1567 1009 hoc
1609 940 1771 1035 apri
1811 935 1982 1028 tibi,
2028 937 2286 1029 Delia,
2336 963 2613 1039 paruus

615 1069 715 1143 Et
755 1064 1039 1140 ramosa
1078 1070 1342 1142 Micon
1379 1074 1658 1143 vinacis
1696 1096 1984 1145 cornua
2039 1076 2271 1145 cerui.

2599 1072 2701 1146 30

615 1203 700 1277 Si
740 1205 1132 1305 proprium
1177 1203 1331 1279 hoc
1370 1203 1635 1297 fuerit,
1712 1204 1870 1279 leui
1908 1206 2007 1280 de
2044 1231 2424 1282 marmore
2464 1224 2627 1281 tota

615 1431 731 1470 cem
766 1417 964 1472 Medic.
1013 1435 1046 1471 a
1071 1437 1142 1472 m.
1175 1439 1254 1492 pr.
1279 1439 1401 1473 cum
1427 1420 1697 1475 nonnullis
1730 1420 1843 1476 aliis
1874 1439 1956 1497 ap.
1988 1424 2158 1486 Pion,
2197 1421 2375 1478 Heius.
2409 1438 2462 1478 et
2495 1423 2695 1484 Burm„

494 1567 502 1576 ,
616 1503 757 1558 sorte
798 1523 861 1558 ex
906 1504 1332 1578 interpretatione
1374 1506 1602 1570 alterius,
1648 1507 1795 1582 quod
1834 1511 2008 1563 minus
2036 1511 2272 1563 obuium.

616 1590 813 1645 Moret.
859 1589 955 1643 sec.
1002 1607 1055 1644 et
1094 1590 1237 1644 Gud.
1282 1611 1316 1645 a
1357 1612 1428 1645 m.
1470 1593 1566 1648 sec.

619 1675 790 1729 Goth.
831 1694 909 1749 pr.

2411 1510 2481 1565 26
2520 1510 2701 1564 Codri

1741 1611 1810 1665 27
1844 1596 2144 1665 placidum
2181 1593 2423 1666 Longob.
2467 1597 2602 1649 Pier.
2644 1611 2701 1649 et

1048 1679 1117 1732 28
1156 1698 1230 1731 ne
1280 1698 1458 1750 puero
1506 1697 1755 1734 noceant
1792 1685 1948 1734 mala
1970 1679 2149 1754 figna
2189 1678 2459 1736 Glon‘ator
2495 1680 2700 1734 Bai-[hii

615 1764 754 1821 Adu.
785 1767 867 1836 37,
899 1765 952 1820 5.
1002 1763 1216 1837 futuro
1260 1759 1504 1819 in'Voss‘.
1550 1767 1713 1820 altero
1756 1766 1820 1819 ab
1872 1767 2055 1819 eadem
2100 1785 2257 1818 manu
2304 1765 2701 1838 superscriptum

598 1851 859 1923 susurro.

617 1939 796 2008 vulgo,

1001 1868 1071 1921 29
1103 1849 1320 1921 Saetosi
1364 1851 1668 1923 scripturam
1693 1853 1873 1905 Burm.
1908 1872 1936 1904 e
1962 1852 2103 1905 libris
2135 1851 2453 1914 emendauit.
2522 1849 2700 1921 Secofi

931 1937 1001 1991 30
1039 1939 1244 1989 stilicon
1284 1936 1520 2009 reposui:
1572 1938 1675 1990 vid.
1718 1937 1827 2009 sup.
1868 1937 1938 1989 ad
1979 1940 2068 1999 111,
2104 1954 2179 1988 xo.
2250 1936 2427 2006 Vulgo
2462 1938 2696 2010 stlycmf.

616 2025 793 2096 Myco
838 2021 970 2075 altor
1009 2024 1224 2093 Menng.
1290 2041 1506 2093 paruos
1546 2028 1609 2088 (a
1638 2042 1710 2076 m.
1756 2027 1870 2096 pt.)
1905 2022 1983 2076 Ει
2022 2040 2185 2074 raros
2210 2025 2476 2092 Amycon
2498 2020 2697 2076 Medic.
2776 2013 2779 2018 ⁴

616 2110 682 2165 31
723 2112 844 2164 leni
890 2107 1132 2171 duo,“vt
1171 2105 1353 2161 solent.

626 2294 959 2357 obtrectat
1038 2293 1267 2357 scilicet
1341 2293 1625 2357 laudibus

625 2399 840 2460 Codri.
932 2418 1033 2480 ²7·
1075 2399 1257 2460 vltra
1277 2398 1624 2481 placitum,

619 2497 669 2563 fi
697 2502 838 2583 plus
852 2544 875 2578 ,
935 2523 1124 2586 quam
1152 2500 1266 2586 ipfi
1293 2503 1519 2585 placet,
1562 2502 1622 2565 h.

621 2606 899 2679 videtur,
944 2606 1266 2667 laudamur
1294 2607 1370 2668 ab
1400 2629 1515 2680 eo;
1573 2605 1622 2669 fi

621 2708 865 2770 Codrus
930 2728 1049 2771 nos
1131 2712 1465 2773 immodico
1557 2727 1624 2773 et

617 2815 870 2894 praeter
897 2817 1217 2875 veritatem
1247 2815 1477 2876 laudat.
1516 2812 1623 2877 Est

619 2930 834 2975 autem
873 2914 1081 2976 fascini
1140 2939 1332 3000 genus
1372 2933 1618 2993 notum,

620 3032 690 3078 vt
715 3019 1048 3079 immodica
1074 3020 1259 3080 laude
1288 3017 1624 3082 efferantur

618 3141 733 3195 ea,
791 3121 1014 3205 quibus
1043 3127 1180 3206 quis
1210 3124 1507 3184 inuideat.
1560 3146 1619 3185 v.

621 3224 844 3287 Corda.
930 3227 1032 3287 De
1065 3225 1347 3286 baccare
1384 3225 1505 3288 vid.
1540 3227 1622 3288 ad

616 3327 749 3388 Eel.
783 3328 895 3401 IV,
942 3347 1036 3408 19.

747 3432 851 3491 30.
907 3432 1253 3507 Mirantur,
1321 3431 1493 3516 quod
1539 3431 1618 3493 de

620 3530 828 3592 alieno
857 3530 1098 3612 pastore
1130 3550 1271 3617 agat
1295 3535 1616 3619 Corydon,

617 3652 756 3694 :non
786 3634 865 3694 de
891 3633 972 3698 se.
1013 3637 1252 3697 Verum
1277 3637 1414 3698 sunt
1441 3637 1617 3713 haec,

620 3752 687 3796 vt
729 3737 1024 3814 diximus,
1093 3761 1288 3821 parua
1343 3745 1620 3802 carmina

616 3840 963 3920 promiscue
1013 3844 1336 3908 cumulata.
1433 3844 1619 3905 Nunc

617 3941 721 4017 id,
780 3944 951 4025 quod
990 3944 1293 4028 sequitur,
1355 3943 1443 4007 est
1484 3950 1617 4028 epi·

615 4051 965 4129 grammatis
1008 4068 1203 4131 genus
1242 4048 1350 4110 seu
1401 4066 1619 4110 votum

619 4169 658 4209 a
727 4147 970 4230 pastore
1051 4151 1309 4213 Micone
1372 4153 1617 4212 Dianae

614 4251 869 4328 factum,
944 4257 1045 4316 cui
1086 4252 1300 4317 fimilia
1353 4254 1491 4317 sunt
1548 4257 1619 4319 in

1705 2295 2085 2380 Anthologia
2113 2315 2348 2378 graeca.
2395 2293 2704 2375 Supplen-

1709 2402 1859 2462 dum
1887 2420 2037 2462 vero
2070 2399 2334 2473 „Micon
2365 2395 2478 2457 tibi
2515 2398 2699 2470 dicat,

1705 2505 1913 2591 quod,
1972 2518 2037 2564 to
2075 2505 2377 2585 propitia,
2438 2501 2701 2562 feliciter

1702 2626 1962 2672 venatus
1989 2608 2245 2667 fuefit.“
2271 2604 2353 2665 At
2380 2604 2702 2665 obscurum

1705 2711 1793 2775 est
1853 2711 2027 2797 quod
2085 2707 2394 2793 sequitur:
2442 2708 2510 2784 fi
2540 2728 2700 2790 pro-

1696 2819 1923 2900 prium
1989 2813 2117 2874 hoo
2183 2832 2255 2872 ac
2325 2825 2701 2893 perpetuum

1685 2919 1935 3001 fuerit,
1975 2919 2273 2999 quoniam
2302 2935 2436 2975 non
2469 2914 2700 2974 certam

1704 3019 1895 3082 habet
1963 3022 2541 3098 interpretationem
2626 3036 2702 3076 ex

1704 3121 1844 3206 ipfis
1874 3120 2075 3182 verbis
2118 3135 2226 3181 aut
2269 3140 2346 3179 ex
2384 3140 2490 3192 re,
2550 3118 2704 3202 quid

1703 3227 1856 3288 illud
1891 3223 1993 3297 fit,
2047 3222 2221 3306 quod
2261 3241 2377 3301 per
2418 3221 2547 3280 Ιιοο
2593 3221 2703 3281 de·

1701 3328 1990 3414 [ignetur.
2045 3327 2289 3385 Dicitur
2316 3322 2551 3404 aliquid
2580 3319 2706 3382 effe

1695 3433 2064 3516 proprium,
2121 3426 2181 3486 h.
2214 3447 2269 3486 e.
2301 3439 2698 3505 perpetuum,

1701 3535 1806 3596 vsu
1822 3550 1886 3596 et
1898 3535 2100 3594 fructu
2115 3542 2349 3589 certum
2375 3547 2446 3587 ac
2474 3541 2696 3601 tutum,

1701 3636 1945 3697 firmum
1989 3650 2054 3696 et
2098 3630 2326 3692 stabile.
2426 3630 2527 3690 De
2576 3627 2701 3690 hoc
2753 3717 2759 3722 ,

1701 3759 1892 3800 nomo
1917 3737 2175 3798 dubitet.
2207 3733 2333 3794 Sed
2360 3737 2695 3816 quaeritur,

1702 3842 1853 3926 quid
1894 3842 2021 3901 Ιιοο
2048 3837 2138 3900 fit.
2211 3837 2371 3897 Cum
2403 3836 2698 3903 dedicen-

1701 3960 1800 4007 tur
1842 3944 2033 4027 spolia
2084 3943 2253 4004 ferae
2311 3961 2389 4001 ex
2443 3953 2695 4011 venatu,
2788 3980 2796 3989 .

1699 4048 1944 4109 videtur
1973 4047 2113 4108 elici
2155 4040 2328 4126 poss‘e
2360 4064 2397 4103 e
2426 4043 2699 4103 Miconis

1698 4149 1997 4233 persona:
2035 4147 2084 4211 fi
2114 4164 2239 4209 tam
2277 4145 2443 4206 felici
2468 4158 2698 4205 venatu

1698 4270 2004 4337 perpetuo
2047 4258 2134 4314 vti
2167 4252 2497 4333 contigerit
2542 4263 2694 4324 etc-3
