3075 5114
659 313 812 396 246
916 331 921 336 ·
1297 305 1906 387 EXCVRSVS
1966 313 2086 389 IV
2153 323 2174 388 ’.
2243 321 2254 330 “

632 499 769 564 -l'cis
811 499 1233 561 monumentis
1271 499 1559 579 reputet,
1601 499 1929 583 inquibus
1973 520 2042 560 ea
2080 503 2151 561 in
2191 500 2555 583 delphinum
2595 520 2737 562 can·
2815 545 2820 550 -

658 607 768 668 das
811 604 1066 680 definit,
1153 603 1409 665 canibus
1459 627 1534 666 ex
1581 622 1758 666 vtero
1806 606 2006 667 subtus
2049 608 2515 688 prodeuntibus.
2614 607 2737 668 Ita-

655 737 781 801 que
827 717 1084 773 “tertiam
1136 711 1403 794 aliquam
1446 715 1757 772 rationem
1803 711 2101 795 ingress‘us
2145 713 2274 775 sum
2319 720 2386 775 in
2427 717 2606 778 Notis
2653 715 2736 776 ad

654 843 711 884 e.
743 821 823 895 l.,
872 834 938 879 vt
973 816 1078 878 fit:
1140 818 1474 900 comma—‘ffa
1514 816 1769 877 caudas
1815 818 2235 902 degvlcimem,
2317 820 2548 882 habens
2588 839 2736 881 cau-

652 930 763 991 das
806 924 1169 1006 delphinum
1213 923 1587 998 commiss'as,
1652 931 2049 1001 coniunctas,
2122 950 2260 989 cum
2301 943 2491 986 mero
2547 927 2732 1007 lupo-

630 1033 836 1106 ⁴rum,
893 1032 1184 1112 luporum
1227 1036 1410 1092 vteris
1452 1031 1493 1091 s.
1545 1032 1941 1114 corporibus,
2013 1056 2171 1119 quae
2200 1040 2366 1095 inter
2392 1033 2568 1093 binas
2601 1034 2731 1093 del-

647 1141 915 1225 phinum
944 1137 1167 1198 caudas
1211 1160 1287 1198 ex
1329 1138 1472 1199 aluo
1510 1144 1888 1219 prominent.
1974 1143 2169 1203 Recte
2198 1140 2353 1202 haec
2384 1141 2442 1201 se
2473 1139 2726 1212 habent,

624 1247 840 1309 'modo
873 1266 946 1306 ex
976 1243 1257 1326 pluribus
1287 1244 1525 1329 Scyllae
1570 1246 1783 1309 formis
1823 1269 1960 1308 eam
2001 1262 2249 1324 teneaS,
2292 1267 2453 1333 quae
2484 1246 2728 1331 Virgilii
2771 1238 2781 1251 '

648 1359 859 1418 animo
905 1349 1226 1412 insederat.

813 1533 890 1596 In
931 1537 1222 1616 antiquae
1275 1530 1502 1594 scilicet
1564 1539 1709 1597 artis
1767 1535 2060 1618 operibus
2116 1556 2250 1599 non
2304 1531 2430 1599 vna'
2483 1536 2722 1620 Scyllae

622 1643 842 1705 'forma
888 1645 1188 1711 occurrit;
1241 1641 1432 1700 modo
1480 1661 1556 1701 ea
1601 1645 1667 1701 in
1707 1642 2071 1724 delphinum
2117 1644 2292 1705 binas
2342 1645 2563 1705 caudas
2612 1643 2722 1704 de-
2781 1701 2788 1708 .
2851 1693 2862 1706 ,

638 1747 813 1819 finit:
851 1746 1006 1809 nihil
1048 1746 1345 1828 amplius:
1409 1747 1604 1809 modo
1636 1752 2000 1810 intertextae
2035 1767 2141 1809 aut
2168 1756 2554 1812 intermixtae
2585 1750 2724 1811 sunt

637 1875 863 1916 canum
905 1871 1265 1936 protomae3
1340 1868 1406 1913 et
1447 1852 1602 1914 haec
1633 1855 1882 1937 quidem
1911 1852 1996 1915 est
2033 1854 2324 1915 sollennia
2364 1857 2597 1928 forma,
2654 1872 2722 1916 vt
2849 1901 2854 1906 ,

564 2033 567 2038 .
632 1967 702 2025 in
750 1981 894 2022 aere
936 1965 1204 2022 maximo
1240 1959 1550 2019 Gordiani
1605 1960 1801 2031 (Mus.
1831 1960 1990 2020 Flor.
2023 1960 2145 2019 tab.
2176 1964 2296 2041 73)
2350 1979 2416 2023 et
2454 1955 2719 2042 Pupieni

636 2071 826 2148 (Max.
862 2066 1031 2127 mod.
1056 2063 1352 2124 Numism.
1393 2065 1467 2124 R.
1499 2064 1658 2123 Gall.
1691 2064 1812 2126 tab.
1846 2070 1949 2144 25)
1990 2082 2049 2127 et
2082 2064 2258 2127 fimili
2289 2070 2482 2130 modo
2517 2071 2719 2153 Scylla
2839 2124 2851 2134 .

628 2196 807 2236 remo
860 2170 1093 2232 sublato
1151 2174 1340 2231 ictum
1398 2173 1712 2228 intentans
1770 2173 1837 2230 in
1896 2172 2150 2235 denario
2197 2175 2362 2237 Sext.
2407 2177 2713 2258 Pompeii,

630 2298 689 2341 v.
730 2301 781 2340 c.
811 2275 993 2337 Thes.
1026 2275 1273 2336 Μαι-811.
1304 2275 1585 2354 Pompei.
1618 2289 1661 2334 t.
1692 2275 1771 2347 11,
1810 2297 1859 2337 1.
1917 2277 1990 2338 cf.
2024 2278 2256 2360 Spanh.
2302 2283 2379 2343 de
2424 2283 2502 2347 V.
2547 2298 2610 2344 et
2641 2285 2710 2344 P.

626 2386 710 2446 N.
740 2387 816 2444 T.
847 2384 895 2452 1,
923 2405 1063 2466 pag.
1100 2383 1258 2452 262;
1313 2396 1377 2442 et
1418 2380 1718 2442 adiunctis
1776 2381 1935 2444 binis
1982 2386 2341 2467 corporibus
2387 2394 2711 2465 iuuenum,

623 2515 747 2578 per
795 2511 1018 2552 canum
1060 2508 1251 2550 nexus
1296 2487 1732 2570 implicitorum
1783 2494 1849 2549 in
1895 2492 2048 2552 Pict.
2093 2491 2340 2556 Hercul.
2387 2498 2570 2561 Tom.
2599 2493 2708 2574 III,

624 2615 672 2662 t.
724 2614 822 2660 21.
899 2609 964 2660 et
1006 2618 1130 2658 vno
1171 2600 1303 2656 viro
1350 2599 1417 2655 in
1454 2617 1699 2679 gemma
1745 2618 1845 2678 ap.
1893 2595 2169 2682 Lippert.
2202 2601 2252 2677 I,
2295 2626 2347 2678 1,
2392 2608 2530 2685 127.
2568 2608 2707 2670 128.

623 2724 687 2772 et
719 2729 816 2789 ap.
845 2702 1046 2768 Taffie
1076 2704 1161 2787 pl.
1199 2700 1434 2761 xxxi.
1520 2700 1601 2763 Et
1648 2703 1955 2783 cummis,
2035 2715 2297 2771 maxime
2346 2733 2485 2772 cum
2541 2712 2710 2772 Sexti

620 2816 910 2896 Pompeii
975 2831 1169 2872 numo
1184 2853 1207 2884 ,
1297 2830 1659 2889 comparare
1715 2808 1925 2872 malim
1967 2831 2196 2896 poetae
2241 2812 2442 2879 versus
2481 2816 2706 2880 collato

622 2924 777 2983 Silio
824 2923 907 3007 Y,
965 2922 1100 2983 135.
1187 2912 1291 2976 Est
1348 2937 1604 2999 quoque
1658 2921 1727 2979 in
1786 2923 1989 2981 numis
2049 2923 2469 2985 Contorniatis
2527 2928 2706 2985 nauis

616 3007 841 3114 'Vlyffis
888 3031 1267 3087 imminente'
1302 3024 1365 3082 et
1406 3020 1711 3084 sociorum
1755 3045 1944 3085 vnum
1993 3033 2277 3110 rapiente
2318 3030 2551 3115 Scylla:
2623 3031 2705 3092 de

620 3136 845 3219 quibus
883 3155 940 3194 v.
965 3129 1200 3193 Eckhel
1226 3126 1372 3190 vol.
1398 3124 1568 3201 vm,
1586 3152 1648 3211 p.
1669 3132 1812 3194 285.
1878 3129 1981 3193 Est
2010 3150 2216 3198 tamen
2248 3141 2424 3198 tertia
2453 3137 2700 3219 species,

622 3264 749 3327 qua
783 3243 926 3301 aluo
961 3240 1285 3301 adiunctae
1315 3234 1455 3296 sunt
1478 3240 1766 3319 vtrinque
1800 3238 1960 3302 duae
1998 3262 2222 3301 canum
2263 3259 2589 3324 protomae
2634 3244 2703 3306 in.

616 3369 806 3409 vnam
866 3343 1172 3426 delphinis
1234 3343 1490 3404 caudam
1543 3359 1855 3405 coeuntes.
1973 3348 2151 3409 Hanc
2201 3350 2464 3432 speciem
2511 3349 2701 3411 habet

616 3453 918 3515 numisma
965 3454 1510 3535 Agrigentinorum
1554 3471 1590 3509 a
1634 3452 1920 3533 Principe
1948 3455 2360 3517 Torremuzza
2410 3458 2455 3537 (
2468 3457 2698 3537 opusc.
2793 3520 2812 3527 ,

616 3557 696 3618 di
722 3559 976 3618 Ὰιιιονί
1011 3559 1311 3617 siciliani
1363 3557 1547 3617 Tom.
1586 3558 1759 3630 XIV,
1796 3558 1919 3618 tab.
1953 3560 2090 3635 vn,
2124 3562 2251 3645 IV)
2307 3565 2577 3638 editum,
2635 3579 2699 3626 et

612 3667 687 3725 in
724 3656 970 3725 'Siciliae
1008 3680 1131 3725 vet.
1162 3666 1361 3724 Num.·
1384 3662 1509 3723 tab.
1540 3664 1601 3722 V
1627 3670 1962 3746 repetitum
1975 3668 2183 3741 ,svbi
2225 3670 2483 3732 alterum
2529 3675 2696 3732 canis
2799 3726 2808 3737 .

615 3771 876 3831 alterum
923 3768 1156 3854 hydrae
1191 3769 1347 3846 est,·
1388 3784 1451 3831 et
1480 3774 1612 3829 iam·
1639 3786 1812 3845 ante,
1885 3796 2104 3856 parum
2129 3760 2402 3853 ¹affabre,
2479 3781 2696 3839 adum-
2786 3830 2794 3834 .

576 3874 860 3937 ·bratum
902 3898 937 3937 a
970 3879 1291 3938 Pancratio
1322 3877 1362 3936 l.
1397 3899 1450 3938 c.
1496 3882 1627 3938 'nec
1671 3879 1933 3940 multum
1978 3882 2216 3944 abludit
2258 3907 2361 3945 ara
2402 3891 2469 3946 in
2511 3887 2693 3944 Win-
2785 3936 2800 3943 ,

613 3984 835 4045 ckelm.
878 3987 1063 4044 Mon.
1095 3982 1269 4043 ined.
1310 4002 1417 4045 110.
1450 3987 1556 4063 37.
1625 3983 1896 4049 exhibita
1938 3993 2006 4049 in
2050 3991 2363 4071 superiore
2412 3993 2689 4053 editione
2777 4050 2786 4055 ,

605 4093 678 4152 in
706 4091 913 4153 fronte
942 4092 1099 4152 Aen.
1132 4090 1239 4150 111.
1297 4091 1438 4151 Vol.
1469 4092 1551 4165 11,
1585 4098 1666 4174 ‘p.
1703 4096 1850 4157 523.
1940 4097 2153 4159 Plu-res
2183 4101 2416 4184 Scyllae
2458 4101 2687 4182 species
2769 4162 2780 4175 ‚

603 4191 924 4263 vno'loco'
965 4194 1247 4282 expressit
1286 4198 1935 4270 Pancrazi-Antichitae'i
1965 4206 2251 4269 Siciliane
2291 4229 2356 4291 p.
2393 4215 2455 4287 4.
