3075 5114
592 355 693 455 78

1011 346 1097 419 P.
1142 342 1644 422 VIRGILII
1704 345 2224 423 MARONIS

605 530 956 617 Necdum
993 532 1138 608 illis
1181 531 1391 606 labra
1439 531 1785 623 admoui,
1872 534 1996 611 fed
2049 533 2360 610 condita
2406 482 2643 612 seruo.

607 670 1069 749 o.Et·nobis
1114 666 1320 741 idern
1365 665 1817 743 Alcimedon
1872 670 2026 744 duo
2070 671 2349 771 pocula
2396 671 2599 765 fecit,

610 814 709 888 Et
748 805 963 881 molli
1003 807 1292 878 circum
1331 797 1437 875 est
1480 801 1686 878 ansas
1735 805 2125 908 amplexus
2173 806 2531 897 acanth03
2602 806 2702 891 45

751 1003 822 1071 43
859 996 1139 1054 Nondum
1173 994 1343 1050 Goth.
1385 1014 1464 1068 pr.
1505 995 1598 1051 hic
1629 1013 1684 1053 et
1705 1006 1792 1070 47.

619 1163 963 1225 memoriae
1052 1158 1304 1219 tradidit
1390 1177 1620 1239 nem03
1700 1164 1906 1223 nornis
1938 1160 2247 1236 tribuitur,
2284 1182 2425 1222 cum
2454 1179 2518 1224 et
2549 1161 2705 1248 figu-

624 1264 801 1351 quod
842 1275 1058 1323 contra
1105 1267 1175 1324 in
1217 1263 1476 1323 Aratum
1519 1282 1620 1322 ca-
1700 1267 1783 1324 ris
1828 1280 1892 1325 et
1920 1269 2193 1325 numeris
2223 1285 2381 1345 opus
2415 1264 2705 1328 habeant.

624 1368 754 1441 dit,
801 1368 911 1449 qui
957 1361 1390 1426 astronomicas
1432 1367 1623 1425 ratio-

621 1489 736 1533 nes
809 1467 888 1527 ad
967 1466 1133 1527 vsum
1214 1466 1623 1551 agricolarum

623 1568 971 1643 transtulit,
1052 1572 1349 1652 cuiusque
1416 1562 1624 1647 phae-

628 1690 920 1733 nomena
1015 1684 1085 1728 et
1173 1667 1623 1752 prognostica,

627 1790 893 1860 propter
917 1771 1242 1832 vtilitatem
1272 1776 1466 1855 magis
1502 1774 1630 1834 for-

626 1892 717 1954 te,
765 1895 956 1961 quarn
986 1891 1249 1958 propter
1275 1892 1501 1958 poetae
1534 1882 1629 1937 in-

628 1985 920 2066 genium,
1009 1976 1408 2040 celeberrima
1466 1985 1630 2042 inter

626 2101 869 2144 veteres
899 2080 1108 2152 fuere,
1150 2095 1235 2153 et,
1278 2102 1419 2147 cum
1448 2082 1629 2147 fasto-

629 2207 770 2248 rum
826 2199 889 2244 et
932 2181 1451 2244 Kalendariorum
1496 2186 1629 2249 vsus

1708 1367 2004 1427 Ceterum
2074 1372 2333 1428 certauit
2401 1388 2543 1427 cum
2611 1368 2737 1433 his.

1706 1469 1938 1550 Popius
1996 1468 2320 1546 Pqsloral.
2385 1469 2435 1541 1,
2480 1473 2563 1533 35
2596 1471 2702 1554 sq.,

1708 1576 1816 1657 qui
1878 1576 2062 1632 etiam
2120 1576 2323 1633 minus
2389 1572 2707 1635 ambitiose

1716 1675 2022 1734 nonnulla
2041 1672 2248 1733 dixisse
2268 1673 2462 1734 videri
2484 1674 2708 1756 potest.

1709 1776 1793 1836 At
1818 1795 1876 1835 v.
1909 1783 1994 1854 42
2053 1776 2307 1837 allusum
2341 1775 2461 1837 ess'e
2512 1779 2710 1840 videri

1709 1873 1915 1959 potest
1942 1877 2023 1938 ad
2050 1876 2428 1956 Hefiodeum
2452 1880 2546 1947 E„
2580 1884 2713 1960 384

1710 1973 2030 2061 Πληὶἱπίδων
2055 2016 2143 2028 -
2160 1975 2715 2059 ἐπιτελλομενάων,

1693 2070 2022 2164 ”Αρχεσθ’
2057 2080 2287 2168 ἀμητοῦ
2300 2127 2325 2155 ,
2368 2078 2596 2167 οἷρὸτοιο
2623 2087 2713 2161 δὲ,

1713 2176 2142 2265 &momerium
2251 2189 2355 2265 43.
2412 2189 2708 2250 conuersa

629 2306 768 2352 non
795 2300 1002 2347 tantus
1036 2304 1155 2345 uec
1185 2297 1311 2345 tam
1337 2287 1630 2371 frequens
1713 2284 2069 2348 exTheocr.
2100 2287 2242 2349 eod.
2273 2289 2315 2349 1.
2341 2310 2403 2350 v.
2432 2294 2536 2371 59.
2555 2296 2660 2356 60.

630 2389 803 2464 esset,
846 2384 1145 2450 vtiliffima
1177 2385 1300 2448 effe
1329 2388 1625 2454 debuere.

628 2494 816 2556 Forte
860 2506 1076 2552 tamen
1131 2488 1364 2553 radius
1406 2492 1626 2557 melius

628 2598 919 2665 tribuitur
985 2595 1284 2672 Eudoxo,
1389 2602 1627 2681 quippe

627 2697 1001 2762 astronomo·
1070 2698 1395 2760 Laudabat
1410 2700 1628 2763 Schra-

631 2801 763 2864 der.
833 2801 1040 2861 locum
1124 2803 1352 2864 Auieni
1417 2806 1631 2866 Arati

628 2905 990 2966 Phaonem.
1021 2923 1116 2986 pr.
1153 2904 1259 2966 vbi
1289 2911 1338 2967 is
1382 2908 1509 2968 late
1554 2910 1627 2969 il-

627 3009 737 3069 lud
765 3009 1058 3068 Arateum
1087 3006 1402 3088 exposuit3
1443 3010 1625 3070 Grot.

630 3114 910 3172 Arateor.
940 3129 1005 3188 p.
1038 3111 1124 3188 84
1179 3111 1312 3169 Hic
1339 3111 1621 3194 (Iupiter)

623 3217 881 3293 primus
926 3209 1149 3272 Onz'dii
1192 3212 1460 3271 radium
1503 3213 1626 3273 du-

626 3317 722 3374 cis
745 3311 975 3372 intulit
1011 3310 1202 3391 astris
1241 3316 1626 3377 Mor-calem-

627 3434 759 3500 que
819 3414 1004 3496 loqui
1058 3415 1286 3477 docuit
1321 3439 1626 3478 connexa

628 3516 928 3577 deorum.
996 3516 1252 3577 Radius
1279 3525 1446 3581 enIm
1475 3543 1624 3604 pro-

621 3624 762 3701 prie
809 3634 1262 3702 geometrarum
1310 3628 1478 3706 virga
1512 3623 1619 3702 est,

627 3739 754 3804 qua
810 3724 879 3780 in
921 3721 1181 3803 puluere
1239 3724 1468 3788 formas
1512 3728 1621 3790 de·

614 3822 970 3915 lineabant3
1049 3844 1170 3887 nec
1211 3831 1280 3890 in
1310 3829 1492 3891 aliam
1521 3852 1622 3893 ra-

613 3928 861 3984 tionem
920 3927 1391 4011 intelligendum
1448 3935 1619 4010 vide-

617 4040 755 4100 tur,
818 4029 1072 4109 quando
1107 4032 1378 4095 Vraniae
1409 4033 1619 4119 figniS,

1814 2496 1920 2572 44.
1960 2488 2201 2552 Inuidia
2258 2510 2522 2576 punctus
2603 2494 2709 2560 hic

1710 2590 1837 2655 duo
1877 2595 2101 2675 pocula
2130 2617 2247 2678 pro
2277 2617 2404 2660 vno
2435 2622 2709 2663 comme-

1709 2711 1949 2772 morat,
1996 2719 2210 2759 verum
2239 2700 2461 2776 ambo,
2503 2719 2568 2763 vt
2596 2725 2706 2786 ap-

1707 2814 1910 2880 paret,
1946 2801 2170 2861 eodem
2198 2806 2486 2885 exemplo
2517 2807 2700 2867 facta.

1711 2903 1835 2963 Pro
1879 2907 2004 2964 vite
2073 2902 2341 2965 hederae
2405 2908 2706 2989 implicita

1708 3023 1879 3064 nunc
1910 3005 2102 3066 ambit
2132 3028 2244 3066 ora
2275 3008 2602 3081 acanthus;
2630 3017 2702 3075 in

1706 3107 1913 3167 media
1960 3108 2171 3189 poculi
2227 3128 2367 3169 area
2413 3111 2707 3193 Orpheus

1708 3224 1958 3269 cantans
2000 3208 2256 3269 effictus.
2344 3209 2445 3272 Est
2490 3233 2701 3279 autem

1703 3310 2058 3372 Acanthus
2084 3311 2251 3392 apud
2280 3312 2604 3396 Virgilium
2634 3333 2703 3380 et

1702 3413 1954 3495 plantae
1982 3418 2416 3499 Aegyptiacae,
2455 3438 2530 3477 ex
2560 3438 2700 3481 aca-

1708 3523 1937 3578 ciarum
1967 3537 2218 3601 genere,
2261 3539 2317 3578 v.
2348 3520 2581 3605 Georg.
2611 3523 2695 3598 11,

1712 3642 1740 3681 x
1758 3642 1851 3701 ¹9·
1939 3622 2151 3704 ibique
2180 3623 2362 3683 Mart.
2377 3668 2398 3697 ,
2455 3639 2524 3684 et
2551 3625 2694 3688 her·

1703 3723 1819 3787 bae
1850 3722 2124 3787 muelhte
2168 3723 2591 3811 hortensisque
2623 3752 2697 3795 ac

1701 3832 2000 3910 topiariae
2031 3849 2225 3914 genus
2239 3874 2262 3905 ,
2338 3829 2437 3892 hic
2465 3850 2527 3894 et
2559 3837 2693 3900 Ecl.

1700 3929 1810 4006 IV,
1861 3955 1959 3996 zo.
2037 3933 2268 4016 Georg.
2310 3935 2420 4008 Π,
2474 3942 2592 4004 123
2626 3957 2694 4003 et

1706 4039 1859 4118 137,
1916 4037 2020 4099 vbi
2053 4060 2107 4098 v.
2138 4037 2324 4098 Mart.
2360 4041 2498 4101 add.
2526 4045 2685 4105 Aen.

617 4142 760 4201 aut,
848 4130 938 4189 vti
999 4129 1258 4196 sollenni
1317 4159 1495 4198 more
1545 4136 1612 4198 fit
1692 4139 1742 4214 1,
1764 4143 2074 4223 649711.
2119 4142 2500 4227 v.B‹3ttigeri
2536 4148 2686 4216 doc-

612 4225 729 4308 (c'f.
774 4228 931 4292 Aen.
963 4231 1091 4309 vl,
1133 4237 1339 4320 851),
1419 4235 1609 4304 astro·
1688 4256 1819 4304 tam
1873 4260 2088 4308 notam
2149 4246 2229 4309 ad
2286 4244 2443 4311 Vasa
2515 4257 2683 4335 picta

2760 686 2801 741 Χ
