3075 5114
677 391 834 465 DE
898 388 1421 464 CARMINE
1491 390 2094 466 BVCOLICO
2326 391 2423 468 25

337 602 632 682 genus,
711 581 831 652 ad
880 576 1298 677 venustam
1353 581 1570 651 hanc
1606 575 2245 679 simplicitatem,
2287 583 2432 655 ¹ad

334 741 858 788 numerorum
928 715 1143 786 lianc
1216 715 1675 793 mollitiem,
1767 714 2158 813 expolitus
2224 733 2426 797 erat,

335 879 525 924 cum
569 854 813 924 Maro
847 856 1158 951 primus
1203 867 1550 924 tentaret
1600 875 1924 922 carmen
1977 848 2428 924 bucolicum

314 985 701 1085 scribere.
808 988 1006 1060 Sunt
1033 1004 1460 1087 praeterea
1505 982 1765 1057 multa
1817 992 2099 1087 magni
2129 1003 2427 1086 poetae

333 1127 423 1195 in
475 1124 595 1194 his
646 1116 823 1222 ipsu·
870 1121 1352 1195 carminibus
1393 1119 1763 1225 vestigia,
1825 1125 2182 1222 inprimis
2232 1122 2422 1194 doc·

336 1261 558 1328 trina
615 1257 978 1356 copiosa,
1044 1261 1431 1330 orationis
1475 1260 1829 1358 dignitas
1872 1273 1950 1329 et
1993 1255 2424 1330 elaborata

335 1393 788 1491 limataque
877 1396 966 1463 in
1038 1392 1435 1494 plerisque
1528 1393 1955 1492 elegantia.
2088 1393 2425 1494 Eclogae

330 1530 665 1630 quidem
702 1552 1020 1607 nomen,
1063 1554 1226 1600 non
1271 1534 1526 1599 minus
1571 1552 1822 1628 quam
1861 1524 2131 1620 Idyllii,
2191 1527 2423 1602 haud

334 1660 577 1736 dubie
619 1661 1194 1735 Grammaticis
1224 1661 1580 1735 debetur.
1661 1662 1867 1736 Cum
1905 1660 2119 1732 illud
2147 1667 2420 1762 primo

332 1796 576 1868 latius
616 1814 978 1896 pateret,
1063 1813 1140 1869 et
1215 1798 1334 1869 ad
1395 1796 1740 1896 quoduis
1821 1799 2197 1869 carminis
2243 1793 2425 1893 siue

332 1935 590 2033 operis
640 1958 891 2033 genus
937 1938 1408 2032 pertineret,
1487 1929 1701 2032 quod
1759 1954 1806 2003 e
1873 1928 2211 2029 pluribus
2288 1930 2422 2004 de·

330 2066 615 2143 lectum
678 2063 888 2156 effet,
980 2085 1125 2139 aut
1200 2096 1244 2140 e
1309 2066 1646 2168 pluribus
1721 2067 2058 2142 eiusdem
2131 2064 2426 2141 formae

332 2200 726 2300 constaret
738 2231 770 2289 ,·
846 2218 938 2274 vt
996 2204 1327 2276 Horatii
1386 2204 1791 2276 Sermones
1863 2206 1948 2274 in
2013 2203 2423 2275 nonnullis

333 2337 736 2411 codicibus
827 2340 1111 2411 eodem
1201 2342 1526 2411 nomine
1621 2335 1977 2439 infigniri
2077 2356 2422 2412 narrant

332 2478 493 2546 viri
580 2474 801 2545 docti
807 2502 839 2560 ;
972 2474 1635 2574 ‘quandoquidem
1711 2474 1959 2573 phara
2050 2477 2423 2548 carmina

339 2616 699 2690 minora,
773 2607 962 2680 licet
1010 2610 1367 2682 eiusdem
1418 2614 1767 2710 generis,
1849 2609 2155 2684 duobus
2201 2608 2421 2683 libris

340 2742 894 2844 comprehensa
941 2761 1020 2817 et
1066 2745 1403 2817 collecta
1426 2746 1673 2843 sunt5
1736 2743 2093 2839 adhaesit
2140 2747 2234 2817 id
2277 2773 2419 2817 no·

332 2908 541 2959 men,
605 2908 651 2953 e
694 2879 1437 2952 Grammaticorum
1483 2883 1895 2958 doctrina,
1970 2884 2227 2978 generi
2279 2879 2417 2953 bu-

330 3015 621 3104 colico;
669 3010 977 3109 constat
1022 3017 1238 3087 enim
1283 3016 1678 3088 eiusmodi
1727 3013 1925 3087 liber
1971 3043 2017 3088 e
2055 3013 2417 3114 pluribus

330 3148 809 3226 carminibus
819 3178 849 3234 ;
923 3174 1137 3249 quae
1192 3153 1519 3251 quidem
1567 3170 1660 3224 vt
1707 3179 1810 3226 ex
1855 3151 2040 3224 aliis
2080 3152 2223 3249 sui
2278 3179 2415 3254 ge-

328 3289 535 3358 neris
558 3282 874 3381 selecta
896 3283 1096 3380 smt,
1150 3291 1291 3387 qui
1324 3292 1695 3388 proprius
1748 3285 2133 3360 vocabuli
2163 3285 2415 3390 figni-

306 3421 611 3519 ficatus
655 3416 789 3514 effi,
854 3424 1183 3494 minime
1219 3419 1512 3520 neceffe
1561 3422 1706 3523 effe
1751 3423 2119 3498 arbitror.
2233 3427 2413 3527 Quo

326 3559 650 3628 nomine
699 3555 1086 3658 [Virgilius
1141 3584 1241 3629 ea
1296 3561 1384 3629 in
1444 3559 1735 3661 ‘vulgus
1790 3558 2175 3656 emiserit,
2242 3586 2412 3632 non

241 3730 249 3736 =
328 3686 673 3786 constat;
739 3693 844 3763 de
882 3692 1116 3763 titulo
1167 3710 1245 3766 et
1291 3693 1799 3792 inscriptione
1849 3692 2234 3766 librorum
2276 3720 2411 3768 ve-

325 3842 518 3900 teres
561 3852 728 3897 non
775 3825 1029 3897 valde
1074 3825 1605 3912 laborabant;
1696 3827 2227 3905 Bucolicorum
2287 3847 2411 3904 ta-

328 3985 506 4032 men
562 3988 858 4035 nomen
918 3966 1180 4035 verius
1247 3980 1328 4035 et
1398 3966 1801 4063 antiquius
1874 3960 2003 4062 est.
2139 3966 2408 4074 Ipsum

325 4111 644 4190 poetam
698 4092 1127 4197 postquam
1181 4096 1514 4201 singula
1594 4125 1698 4172 ea
1781 4102 2147 4174 carmina
2226 4104 2405 4176 vul·

323 4249 686 4327 gauerat,
742 4258 905 4304 vno
948 4221 1363 4307 volumine
1395 4250 1687 4307 cuncta
1718 4233 1864 4336 effe
1897 4238 2399 4337 complexum
