3075 5114
456 272 483 312 '
654 367 657 374 ‚
981 289 1101 360 IN
1180 282 1799 360 GEORGICA
2292 283 2446 361 265

349 516 524 567 rem
579 496 673 556 vt
730 476 1037 579 pudori
1081 470 1246 570 fibi
1297 473 1591 552 ducat,
1678 484 1829 546 aut
1874 488 1971 544 vt
2020 470 2224 546 haec
2269 499 2447 546 car·-

352 615 580 686 mina
639 603 1030 673 minorem
1108 598 1314 667 inter
1380 597 1795 668 Romanos
1859 591 2242 667 habitura
2298 590 2446 692 effe

347 728 714 836 gratiam
806 711 1239 814 existimet,
1338 728 1652 785 monet.-
1778 715 1978 787 dum
2071 712 2446 809 bucolica

331 848 690 953 scribat,
784 835 982 912 dum
1034 830 1365 931 Hffiodi
1416 832 1783 933 exemplo
1835 835 1942 907 de
1995 858 2086 908 re
2147 830 2448 931 rustica

361 990 688 1045 carmen
759 957 1102 1035 condat,
1202 979 1367 1028 non
1414 972 1674 1028 tamen
1737 952 1965 1046 haec,
2071 980 2285 1055 quae
2342 957 2450 1028 de

359 1112 642 1166 amore
689 1081 1134 1180 scripturus
1172 1070 1327 1171 sat,
1419 1072 1550 1147 vlli
1632 1080 1940 1150 venient
1993 1079 2287 1173 ingrata
2340 1073 2449 1151 le-

357 1214 600 1316 genti,
693 1205 874 1277 Siue
940 1202 1021 1270 in
1087 1218 1351 1268 amore
1423 1191 1632 1266 rudis
1706 1191 1861 1269 fiue
1929 1200 2213 1296 peritus
2282 1199 2448 1269 erit.

357 1330 745 1430 Luserant
774 1322 1089 1397 eadem,
1130 1317 1438 1416 pergit,
1490 1312 1666 1388 alii.
1766 1317 1990 1387 Dum
2019 1311 2455 1409 Hesiodum-

356 1459 793 1526 memorat,
840 1442 965 1512 Tu
993 1441 1234 1528 canis,
1280 1438 1567 1535 inquit,
1597 1431 1890 1509 Ascraei
1929 1437 2198 1508 veteris
2234 1457 2450 1533 prae-

360 1587 582 1673 cepta
633 1581 947 1667 poetae,
1042 1561 1221 1654 Quo
1272 1552 1473 1654 seges
1515 1557 1598 1625 in
1658 1578 1966 1653 campo,
2044 1578 2200 1652 quo
2251 1558 2447 1627 viret

356 1718 507 1769 vua
562 1692 765 1786 iugo.
927 1678 1173 1750 Vides
1220 1672 1585 1774 exemplo
1626 1669 1955 1767 Hesiodi
2009 1676 2199 1742 cani
2252 1674 2449 1755 dici,
2502 1735 2511 1747 .

362 1839 527 1886 non
567 1804 670 1880 ab
717 1799 884 1903 ipso
928 1795 1276 1895 Hesiodo
1292 1825 1325 1882 ;
1392 1796 1666 1895 potuit
1715 1819 1819 1866 ea
1866 1807 2142 1864 tamen
2181 1792 2457 1868 Mani-

366 1931 517 2004 lius
562 1927 682 2000 ad
719 1919 1157 2018 Hesiodum
1204 1916 1460 2016 ipsum
1510 1912 1849 2012 referre,
1894 1930 2141 2014 atque
2174 1916 2453 1995 etiam,
2531 1925 2538 1930 '

366 2077 549 2124 cum
573 2052 661 2118 in
713 2042 964 2114 laude
989 2055 1287 2140 poetae
1324 2035 1812 2135 versaretur,
1855 2061 1953 2107 eo
1985 2034 2318 2113 adduci,
2361 2050 2457 2107 vt

366 2163 751 2269 copiosius
785 2179 863 2234 et
896 2162 1280 2237 ornatius,
1334 2184 1437 2229 ac
1466 2181 1587 2228 res
1605 2153 1982 2252 ferebat)
2014 2149 2349 2255 efferret.

591 2284 1177 2359 Sententiarum
1231 2294 1310 2349 et
1357 2293 1977 2376 praeceptorum
2041 2278 2163 2345 rei
2223 2269 2451 2370 rusti-

368 2433 521 2480 cae
580 2408 666 2475 in
712 2401 865 2474 hoc
922 2402 1279 2471 carmine
1333 2398 2067 2494 interpretationem
2107 2390 2283 2489 sine
2335 2411 2456 2465 to-

371 2522 692 2617 lerabili
745 2521 1027 2621 aliqua
1068 2515 1678 2619 agricolationis
1709 2517 2011 2614 peritia
2053 2529 2267 2585 recte
2307 2517 2458 2587 vix

348 2646 785 2748 succedere
829 2636 1084 2741 poffe,
1156 2636 1425 2734 facile
1473 2633 1993 2735 intelligitur;
2078 2657 2263 2705 eam
2329 2649 2456 2704 ta-

373 2794 556 2840 men
613 2770 698 2837 in
753 2764 909 2833 mei
973 2759 1279 2831 ordinis
1320 2755 1645 2829 homine
1703 2752 1935 2825 haud
1985 2750 2252 2849 facile
2309 2747 2460 2849 effe

362 2883 582 2989 poffe
611 2890 697 2956 in
726 2876 1066 2978 confeffo
1119 2874 1248 2974 cst.
1332 2876 1618 2953 Aliam
1652 2872 2209 2974 difficultatem
2235 2870 2462 2968 facit

373 3006 566 3086 hoc,
646 3003 869 3107 quod
903 3013 1341 3099 praecepta
1374 2996 1882 3068 Maroniana
1923 2993 2043 3065 ad
2099 2995 2284 3093 agri
2333 3015 2463 3063 co-

294 3178 303 3185 ·
374 3127 599 3199 Iendi
658 3145 962 3194 morem
1023 3121 1110 3189 in
1173 3116 1342 3189 alio
1387 3113 1626 3213 solo,
1737 3109 1899 3213 sub
1961 3110 2129 3183 alio
2199 3109 2458 3191 caelo,

375 3252 463 3319 in
510 3244 687 3316 alia
728 3256 1034 3317 aetate,
1085 3228 1842 3337 ι[[υεεοιαητ.““”ριιοιί
1868 3230 2160 3328 facere
2201 3230 2458 3309 licuit,

369 3363 919 3461 subiunximus
958 3357 1452 3457 scriptorum
1494 3347 1599 3426 de
1634 3379 1723 3425 re
1778 3347 2075 3448 rustica
2117 3352 2344 3430 loca,
2419 3376 2467 3422 e
2548 3431 2567 3449 Δ

378 3483 656 3588 quibus
697 3495 996 3583 poetae
1042 3491 1481 3578 praecepta
1517 3475 1758 3544 vnice
1806 3468 2195 3569 illustrari
2238 3486 2467 3570 pote-

378 3623 608 3684 rant,
695 3602 1053 3702 inprimis
1108 3597 1535 3672 Varronis,
1616 3615 1856 3692 quem
1895 3595 1978 3662 in
2027 3589 2296 3662 multis
2329 3589 2469 3687 se-

380 3743 667 3829 quutus
703 3717 854 3819 esi,
921 3736 999 3793 et
1048 3713 1590 3794 columellae,
1652 3716 1795 3812 qui
1822 3727 2247 3812 perpetuus
2287 3711 2471 3783 Vir-

378 3845 566 3946 gilii
611 3853 1191 3915 commentator
1246 3830 1396 3934 esi,
1497 3857 1682 3907 cum
1731 3830 2026 3905 Plinio.
2164 3830 2281 3907 Et
2326 3830 2473 3903 ha-

385 3961 759 4036 bebamus
820 3967 908 4034 in
969 3958 1165 4038 hoc,
1241 3979 1586 4056 quorum
1663 3977 1915 4053 opera
1970 3949 2164 4049 fere
2215 3968 2480 4022 vtere-

385 4108 608 4161 mur,
721 4085 1192 4182 Inter-preces
1271 4068 1787 4175 doctiffimos,
1897 4077 1985 4145 in
2065 4070 2474 4146 nonnullis

392 4202 805 4278 Guellium
870 4220 950 4276 et
1016 4195 1425 4296 thmum,
1524 4196 1615 4269 in
1666 4191 2069 4294 plerisque
2127 4191 2482 4269 Cerdam

471 4326 588 4386 To
610 4344 675 4384 κ.
716 4323 763 4386 1.
1594 4312 1693 4373 Ff
2246 4316 2264 4337 ·
