3075 5114
688 393 1313 472 SECVNDAE
1371 390 1996 468 EDITIONIS
2189 417 2421 468 xmn

334 605 529 678 leuis
573 628 718 704 pro
763 599 998 675 laeuis
1016 653 1037 691 ,
1102 622 1405 673 caecus.
1534 596 1654 670 Ad
1698 596 2088 674 meliorem
2128 616 2421 673 morem

330 743 694 814 r'euocaui
729 738 1154 836 saeptum,
1193 728 1532 836 saepsit,
1569 733 2021 831 saeculnm,
2049 733 2415 832 frenum,

307 875 641 973 femina
686 893 767 949 et
791 874 1016 970 fetus
1051 895 1098 943 a
1121 871 1306 968 feo,
1352 869 1631 949 letum,
1684 867 2095 968 obscenus,
2140 868 2411 969 cestus,

331 1032 414 1086 et
436 1009 712 1085 formas
737 1003 1140 1081 nonnullas
1168 1009 1630 1105 antiquiores
1649 1057 1668 1095 ,
1712 1023 1787 1077 vt
1816 1010 1979 1078 tris.
2083 1008 2416 1108 Scriptu-

335 1172 491 1220 ram
526 1148 773 1248 quarti
817 1139 1099 1231 casus„
1136 1144 1446 1216 iseteis
1476 1159 1555 1216 et
1598 1165 1676 1214 es
1714 1112 1862 1215 vlidi
1906 1137 2054 1243 ess'e
2097 1159 2251 1215 tam
2299 1148 2415 1218 in·

333 1300 649 1372 certam,
700 1299 781 1356 vt
819 1279 1108 1355 nollem
1156 1281 1562 1379 quicquam
1591 1284 1670 1352 in
1717 1301 1807 1352 ea
1845 1301 2184 1353 mouere.
2264 1280 2413 1355 Ve-

328 1445 494 1512 rum
541 1407 781 1519 pudet
822 1420 905 1489 in
952 1414 1066 1489 his
1119 1436 1426 1513 operam
1473 1412 1948 1507 consumere3
2040 1439 2238 1516 quae
2280 1440 2409 1518 ap·

326 1552 569 1657 posui,
626 1578 717 1628 ea
758 1551 860 1626 de
904 1547 1148 1626 cauffa
1194 1548 1576 1623 monenda
1606 1548 1855 1639 fuere,
1903 1567 1982 1623 vt
2017 1575 2111 1622 ex
2150 1548 2409 1627 eauffis

328 1710 408 1765 et
436 1687 850 1763 rationibus
891 1687 1084 1761 haec
1131 1684 1547 1760 diiudicare
1587 1683 1869 1759 discant
1912 1681 2242 1776 studiosi,
2294 1690 2408 1761 in·

326 1827 850 1927 telligantque,
940 1846 1102 1895 non
1152 1826 1466 1895 omnino
1515 1845 1605 1894 ea
1661 1817 1807 1894 effe
1853 1822 2412 1897 contemnenda

324 1991 470 2040 nec
514 1982 769 2036 tamen
815 1980 1271 2057 magnopere
1330 1954 1960 2031 commendanda.

469 2097 718 2174 Multo
763 2095 1120 2195 grauioris
1166 2095 1534 2166 momenti
1575 2118 1695 2168 res
1739 2094 1926 2168 mihi
1970 2091 2107 2168 visa
2155 2090 2259 2169 est
2295 2097 2409 2168 in-

326 2237 794 2338 terpunctio:
873 2255 1023 2332 qua
1057 2226 1454 2304 emendata
1485 2227 1633 2302 vidi
1665 2229 2009 2306 sexcenta
2046 2229 2217 2305 loca
2250 2257 2410 2306 me·

330 2373 473 2448 lius
511 2365 861 2446 constitui
905 2361 1145 2467 poffe,
1196 2388 1344 2438 nec
1375 2367 1781 2473 quicquam
1807 2372 2038 2469 magis
2069 2366 2164 2441 ab
2198 2371 2409 2442 omni

329 2512 620 2583 ratione
665 2523 743 2579 et
786 2498 1093 2578 confilio
1138 2499 1466 2575 alienum
1517 2499 1699 2596 else,
1756 2528 1982 2608 quam
2019 2506 2410 2604 interpun-

330 2642 557 2747 gendi
596 2647 968 2713 rationem
1006 2642 1089 2710 in
1131 2639 1676 2740 exemplaribus
1714 2637 1991 2741 scriptis
2026 2657 2102 2712 et
2143 2644 2224 2712 in
2249 2640 2408 2740 ple⁴

328 2788 578 2883 risque
621 2775 865 2852 editis.
979 2772 1376 2848 Librorum
1420 2781 1680 2878 itaque
1724 2781 2126 2850 auctoritas
2170 2782 2250 2850 in
2293 2781 2408 2850 in-

328 2918 857 3017 terpunctione
898 2915 1208 2984 omnino
1259 2907 1405 2986 ess'e
1444 2909 1689 3012 potest
1722 2910 1954 2984 nulla.
2059 2914 2223 2987 Nec
2250 2937 2408 2985 ma-

324 3059 564 3128 iorem
623 3070 878 3122 tamen
941 3071 1199 3122 curam
1263 3066 1395 3120 aut
1450 3066 1733 3123 certam
1807 3023 2213 3139 rationem,
2306 3048 2405 3124 ad

323 3214 552 3292 quam
596 3190 1249 3284 interpungerent,
1330 3203 1643 3259 tenuere
1690 3182 2039 3259 editores.
2170 3185 2405 3286 Atqui

323 3326 421 3400 ad
472 3323 909 3409 sententiam
956 3317 1552 3395 constituendam
1594 3339 1672 3396 et
1733 3316 2281 3420 expediendam
2322 3324 2403 3393 in

322 3462 658 3565 plurimis
717 3456 904 3532 locis
953 3480 1185 3530 omne
1243 3454 1602 3529 auxilium
1667 3454 1770 3531 est
1828 3481 1922 3532 ex
1973 3456 2406 3555 interpuncss

326 3603 571 3689 tione3
634 3611 714 3670 vt
758 3592 988 3667 altera
1036 3617 1130 3666 ex
1168 3608 1383 3690 parte
1424 3589 1706 3667 sensum
1748 3591 1933 3664 nihil
1973 3596 2204 3690 magis
2251 3609 2405 3664 tur-

326 3732 459 3807 bat
517 3755 747 3833 quam
825 3751 1097 3830 praua·
1130 3730 1677 3828 interpunctio:
1784 3725 2405 3828 quandoquidem

325 3867 545 3941 huius
587 3870 781 3940 ratio
827 3883 905 3940 et
949 3867 1398 3965 principium
1431 3862 1949 3963 quaerendum
1984 3859 2193 3938 estin
2225 3861 2398 3953 hoc,

317 4019 400 4078 vt
458 4020 718 4079 exacte
779 3997 1223 4100 respondeat
1284 4000 1413 4073 illa
1474 4004 2005 4075 enuntiationis
2062 3987 2414 4100 partibus

315 4167 493 4216 cum
535 4135 947 4215 maioribus
979 4156 1140 4210 tum
1169 4136 1622 4225 minoribu83
1669 4162 1822 4238 quo
1860 4133 2135 4211 eodem
2162 4133 2395 4209 modo

320 4281 542 4350 etiam
580 4275 1101 4378 pronuntiatio
1145 4293 1445 4372 regatur
1458 4302 1478 4362 3
1516 4266 1626 4347 'vt
1663 4272 1856 4347 adeo
1898 4296 2126 4346 vnum
2162 4270 2399 4344 idem·
