3075 5114
641 276 794 364 654

1099 274 1187 349 Ρ.
1233 273 1735 354 VIRGILII
1792 273 2323 356 MARONIS

637 428 1103 544 Admiranda
1145 464 1282 539 tibi
1329 464 1617 540 leuium
1659 460 2078 565 spectacula
2118 491 2395 562 rerum,

633 606 1316 705 Magnanimosque
1358 600 1590 679 duces
1605 656 1627 694 ,

768 808 803 862 3
834 805 1116 858 miracula
1146 822 1332 856 rerum
1358 802 1488 857 alter
1511 804 1709 860 Moret-
1726 843 1744 866 ,
1786 802 1920 858 sorte
1943 823 2008 858 ex
2035 823 2082 857 v.
2109 814 2233 872 44¹·

634 913 711 949 ex
751 891 960 945 ordine
1009 890 1224 960 plurimi
1265 887 1495 951 habent,
1565 889 1743 962 scripti
1782 906 1835 945 et
1875 891 2035 953 editi,
2101 892 2262 945 etiam
2299 891 2497 946 Medic.

1716 606 2105 704 totiusque
2156 601 2429 680 ordine
2484 610 2729 711 gentis

2369 815 2407 874 4
2439 815 2726 878 totiusque

2581 895 2727 947 Tam

628 996 821 1053 parum
870 977 1068 1048 peritos
1125 974 1199 1027 rei
1250 978 1497 1029 metricae
1543 977 1661 1049 quis
1716 976 1895 1031 credat
1938 979 2307 1050 grammaticos
2354 994 2408 1032 et
2448 977 2727 1033 librarios?

626 1070 696 1119 At
739 1078 878 1116 recte
915 1059 1169 1130 particula
1214 1078 1383 1115 metro
1424 1062 1640 1115 inimica
1681 1062 1879 1118 exsulat
1920 1082 1981 1118 ex
2022 1065 2182 1118 Rom.
2238 1080 2292 1118 et
2330 1063 2445 1118 aliis
2491 1065 2725 1120 meliori·

625 1149 744 1203 bus.
819 1145 1026 1202 mederi
1061 1146 1229 1200 voluit
1264 1147 1391 1199 vitio
1438 1164 1608 1220 quart.
1650 1149 1848 1204 Moret.
1890 1164 2154 1222 totasque
2192 1170 2267 1204 σε
2314 1151 2554 1219 ordine,
2613 1152 2725 1207 Ve-

622 1250 809 1290 netuse
881 1239 1101 1303 totique
1139 1251 1215 1288 ex
1258 1232 1481 1287 ordine.

626 1407 992 1481 attendant,
1061 1409 1335 1489 primum
1377 1406 1458 1468 ad
1490 1410 1637 1468 arti·

627 1514 838 1575 ficium
872 1532 1005 1574 rem
1034 1526 1287 1572 tenuem
1318 1525 1382 1571 et
1410 1510 1633 1571 exilem

625 1615 1001 1700 imaginibus
1045 1636 1186 1676 cum
1225 1618 1410 1698 gratis
1445 1629 1509 1674 et
1539 1617 1634 1674 iu·

630 1719 890 1795 cundis,
961 1720 1111 1779 'tum
1177 1717 1506 1800 praeclaris
1567 1732 1635 1777 et

630 1821 1012 1907 magnificis,
1088 1817 1219 1883 fine
1267 1824 1487 1901 inepto
1545 1835 1630 1880 ta.

621 1948 776 1990 men
803 1922 992 1998 fastu,
1032 1923 1338 2002 ornandi3
1397 1921 1629 1984 deinde

623 2031 707 2092 ad
752 2029 1151 2090 calliditatem
1192 2030 1261 2091 in
1300 2025 1628 2087 inferenda

622 2136 927 2195 varietate
972 2151 1045 2190 ac
1096 2133 1279 2211 copia
1333 2130 1403 2189 in
1448 2148 1629 2212 argu·

620 2249 907 2297 mentum
981 2235 1265 2315 quamuis
1343 2234 1626 2292 ieiunum

622 2353 692 2400 ct
738 2335 933 2405 exile,
1018 2333 1308 2417 quorsum
1354 2339 1623 2396 maxime

620 2437 1050 2521 episodiorum
1122 2455 1278 2517 opes
1366 2437 1620 2500 referas.

618 2543 929 2605 Ornatum
969 2539 1223 2626 quidem
1258 2561 1331 2603 ac
1359 2545 1621 2603 varieta-

615 2662 749 2709 tem
778 2648 1040 2706 maxime
1078 2642 1271 2704 modo
1315 2643 1393 2704 ab
1422 2649 1619 2706 maio-

614 2740 756 2813 rum
804 2751 1248 2821 animantium,
1300 2747 1616 2829 pecudum

615 2866 683 2916 et
735 2868 1196 2927 armentorum,
1283 2849 1478 2913 modo
1532 2851 1613 2912 ab

617 2956 943 3019 hominum
975 2954 1301 3027 attributis,
1332 2959 1613 3038 inprimis

615 3065 729 3137 iis,
789 3064 1058 3143 petitum
1092 3057 1331 3120 videbis
1342 3083 1392 3133 ,·
1435 3079 1612 3142 quae

615 3163 924 3226 humanae
965 3165 1128 3224 vitae
1172 3178 1238 3224 ct
1281 3160 1611 3224 hominum

612 3267 886 3329 societati
929 3286 1001 3326 ac
1027 3268 1471 3339 coniunctioni,
1509 3287 1611 3326 re-

609 3368 726 3430 bus
758 3366 1021 3451 publicis
1065 3369 1224 3430 adeo
1272 3383 1336 3430 et
1378 3371 1610 3430 exerci-

615 3471 811 3546 tibus,
851 3475 1105 3553 propria
1133 3468 1255 3533 ess'e
1280 3470 1605 3533 videntur:

613 3575 780 3636 vnde
807 3588 1008 3644 tecta,
1046 3573 1267 3647 aedes,
1300 3589 1605 3656 penates,

613 3679 744 3746 Iar,
771 3677 1074 3746 thalami,
1090 3675 1450 3747 cunabula,
1461 3678 1604 3757 sta-

612 3781 793 3854 bula,
851 3778 1118 3862 oppida,
1139 3813 1162 3836 0
1184 3778 1364 3849 vrbs,
1415 3781 1605 3851 aula,

609 3903 844 3962 regua,
871 3883 1238 3964 praetoria,
1270 3898 1513 3965 porcae
1539 3897 1604 3946 et

602 3987 719 4048 alia
735 3983 1001 4046 arcessita
1014 3983 1170 4061 sunt,
1187 4007 1451 4070 quorum
1467 3991 1604 4069 qui-

1718 1408 2196 1493 intelligentiam
2246 1407 2456 1470 nescIo
2528 1430 2719 1493 quam

1718 1526 1784 1573 et
1832 1509 2161 1574 sollertiam
2203 1532 2391 1594 apum
2449 1514 2719 1595 ingeniis

1715 1613 2034 1688 tribuunt,
2088 1626 2383 1698 *eamque
2448 1614 2719 1678 mirificis

1713 1738 1921 1778 rerum
1955 1719 2263 1778 miraculis
2307 1734 2615 1779 exornant
2653 1734 2720 1780 et

1715 1840 1876 1903 quae
1908 1819 2054 1880 illae
2082 1820 2330 1881 occulto
2361 1822 2573 1904 aliquo
2601 1843 2721 1883 na·

1713 1937 1890 1983 turae
1938 1922 2129 1984 ductu
2177 1938 2240 1985 et
2286 1927 2560 2005 impetu,
2631 1925 2719 1985 de

1713 2047 1842 2108 quo
1875 2027 2151 2088 mortalis
2185 2045 2361 2087 mens
2389 2024 2546 2087 nihil
2582 2047 2716 2087 cer·

1711 2130 1760 2187 ti
1815 2123 2079 2190 statuere
2133 2126 2369 2211 potest,
2436 2127 2711 2202 faciunt,

1711 2230 1794 2289 ad
1853 2231 2241 2293 voluntatem
2300 2246 2363 2293 et
2429 2232 2713 2312 pruden-

1704 2335 1874 2407 tiam,
1917 2334 2208 2396 virtutem
2246 2338 2436 2395 animi
2468 2355 2539 2393 ac
2573 2340 2712 2416 pie-

1704 2449 1918 2512 tatem,
1952 2437 2266 2499 referunt.
2369 2437 2565 2499 Poeta
2599 2458 2712 2498 au·

1702 2551 1832 2599 tem
1873 2539 2188 2621 praeclare
2235 2538 2328 2602 his'
2388 2537 2707 2623 praefidiis

1701 2641 1835 2703 vsus
1887 2641 2012 2722 est3
2090 2643 2280 2707 habet
2335 2648 2507 2705 enim
2563 2642 2709 2706 infi-

1700 2764 1889 2827 gnem
1918 2744 1999 2806 ad
2027 2751 2267 2809 animos
2298 2744 2539 2810 nostros
2572 2748 2707 2809 sua-

1698 2851 1987 2924 vitatem,
2068 2848 2116 2911 fi
2167 2847 2517 2911 nostrorum
2563 2872 2705 2913 mo·

1696 2971 1835 3011 rum
1899 2971 1971 3013 ac
2027 2951 2423 3016 consiliorum
2480 2958 2702 3038 imagi-

1694 3074 1844 3117 nem
1928 3059 1998 3117 in
2077 3057 2207 3118 aliis
2280 3049 2698 3121 animantibus
2780 3077 2789 3106 ι

1695 3156 2496 3223 adumbratamvideamus.
2562 3164 2693 3223 To-

1693 3276 1792 3323 tus
1824 3277 2031 3323 autem
2075 3261 2175 3323 hic
2215 3263 2294 3324 de
2339 3263 2555 3345 apibus
2595 3264 2692 3326 lo-
2765 3254 2773 3261 ²

1693 3384 1798 3425 cus
1862 3366 2068 3426 multis
2136 3364 2412 3427 illustrari
2486 3367 2693 3449 potest

1690 3463 1832 3552 post
1872 3468 2222 3532 Varronem
2260 3470 2372 3544 111,
2421 3473 2521 3543 16,
2575 3491 2692 3531 vn-

1688 3573 1769 3633 de
1815 3572 2113 3655 pleraque
2160 3572 2382 3648 sumta,
2441 3594 2519 3635 ex
2561 3574 2691 3635 Co-

1686 3673 1977 3735 lumellae
2004 3674 2166 3737 libro
2197 3677 2309 3749 lx,
2356 3680 2487 3760 qui,
2533 3676 2687 3739 dum

1688 3778 1769 3841 de
1837 3798 2025 3860 apum
2093 3779 2410 3862 disciplina
2473 3781 2684 3856 tradit,

1685 3895 1934 3965 praeter
1963 3881 2207 3942 Celsum
2250 3897 2315 3943 et
2339 3883 2681 3966 Hyginum,

1686 4003 1953 4068 quorum
1979 3984 2121 4046 libri
2149 4005 2321 4047 nunc
2349 3987 2685 4050 intercide·

605 4090 751 4151 dem
791 4088 959 4150 vsum
1009 4091 1135 4171 ipsa
1186 4089 1601 4172 suppeditauit
1681 4106 1863 4176 runt,
1899 4090 2225 4173 Virgilium
2254 4088 2541 4175 sequutus
2569 4088 2679 4152 est.

601 4192 864 4278 vulgaris
886 4189 1208 4255 hominum
1237 4198 1415 4270 ratio,
1448 4193 1597 4258 dum
1679 4194 1858 4257 Adde
1898 4192 2145 4300 Aristot.¹
2173 4190 2324 4258 Hm.
2351 4195 2556 4256 Anim-
2592 4194 2672 4266 V,

2650 4439 2683 4458 θ
