3075 5114
560 310 714 383 538
969 309 1056 382 P.
1094 309 1604 385 VIRGILII
1664 309 2198 384 MARONIS

564 502 661 572 Et
710 494 1016 599 quando
1057 493 1376 569 infidum
1431 493 1657 571 remis
1709 497 2074 600 inpellere
2124 521 2453 569 marmor

567 635 1028 721 Conueniat3
1088 632 1394 732 quando
1425 649 1743 706 armatas
1778 632 2159 709 deducere
2190 630 2459 721 claffis;
2508 626 2656 704 255

569 772 722 844 Aut
784 766 1302 869 tempestiuam
1371 766 1567 842 filuis
1637 785 1980 844 euertere
2042 737 2332 868 pilium.

714 907 882 979 Nec
944 901 1208 977 frustra
1270 900 1649 1004 [ignorum
1720 904 1969 980 obitus
2055 903 2524 1005 speculamur
2591 917 2666 975 et

1836 1059 2065 1132 οῑῑιιε,
2417 1045 2430 1053 ’

575 1171 1242 1276 Temporibusque
1294 1161 1555 1275 parem
1607 1171 1912 1256 diuersis
1939 1165 1947 1172 ⁴
1976 1195 2304 1278 quatuor
2361 1197 2669 1246 annum.

581 1305 917 1404 Frigidus
956 1308 1362 1409 agricolam
1417 1307 1469 1383 fi
1517 1310 1825 1411 quando
1880 1315 2224 1387 continet
2274 1311 2556 1386 imber:

587 1439 867 1535 Multa,
945 1433 1202 1520 forent
1247 1465 1445 1547 qua‘e
1499 1473 1683 1540 mox
1741 1445 1962 1525 coelo
2024 1445 2502 1550 properanda
2570 1441 2675 1517 [e-

1839 1607 2053 1674 reno,
2523 1582 2674 1655 260

727 1762 832 1817 2⁵6
853 1763 928 1818 Ec
955 1777 993 1817 e.
1025 1761 1268 1819 Macrob.
1301 1762 1414 1819 Sat.
1442 1765 1537 1829 VI,
1563 1773 1616 1834 4.
1668 1765 1850 1821 Schol.
1880 1765 2080 1838 Cruqu.
2107 1766 2295 1820 Horat.
2323 1765 2501 1820 Carm.
2530 1768 2570 1829 1,
2589 1768 2674 1822 23.

595 1854 657 1899 in
685 1837 861 1918 siluis
888 1850 1059 1903 multi.
1134 1864 1394 1903 auertere
1418 1851 1625 1904 zulich.
1747 1854 1849 1922 257
1868 1851 2250 1921 speculantur
2273 1850 2457 1921 fragm.
2477 1854 2674 1906 Moret.

594 1936 701 2004 259
737 1941 1029 2007 agricolas
1066 1935 1245 1991 laudat
1273 1936 1515 1991 Macrob.
1545 1938 1655 1992 Sat.
1688 1938 1783 2002 VI,
1814 1948 1852 2007 4
1914 1952 1968 1990 οι
2005 1936 2186 1991 Schol.
2220 1937 2429 1992 Horatii
2472 1939 2673 2011 Cruqu.

600 2019 851 2083 Carm.1,
884 2022 970 2077 23.
1043 2022 1260 2078 detinet
1306 2023 1389 2075 ed·
1431 2023 1571 2076 Ven-

595 2162 775 2221 tione
809 2165 1098 2244 antiquus
1127 2163 1206 2223 de
1235 2162 1436 2224 Aeolo
1468 2182 1604 2245 my·
1688 2162 1815 2224 256
1913 2157 2360 2250 tempestiuam
2484 2159 2679 2235 siluis

597 2259 743 2320 thus
807 2279 1011 2325 natus.
1058 2265 1073 2278 ⁶
1099 2266 1219 2326 vid.
1288 2265 1599 2326 Heraclid.
1686 2280 1985 2323 euertere
2016 2267 2253 2344 pinum
2295 2263 2355 2324 h.
2398 2263 2567 2347 ligna
2609 2283 2682 2324 ac

599 2361 683 2423 de
784 2365 963 2450 alleg.
1065 2369 1255 2430 Hom.
1354 2367 1463 2432 suh
1557 2368 1602 2429 f.
1685 2372 2010 2430 materiem
2098 2364 2463 2448 tempestiue
2547 2389 2685 2428 cae·
2733 2429 2740 2433 ,

604 2468 735 2546 254
804 2490 1099 2529 marmor
1163 2493 1221 2531 v.
1294 2471 1374 2531 ad
1443 2459 1602 2532 Aeri-
1689 2472 1856 2533 dere.
1963 2470 2334 2532 Consulatur
2388 2471 2547 2533 Cato
2604 2470 2685 2531 de

604 2569 766 2645 ‘v11,
839 2577 939 2637 26.
1094 2576 1238 2637 255.
1296 2591 1608 2636 armatae
1687 2577 1766 2637 R.
1814 2576 1891 2639 R,
1949 2596 2003 2635 c.
2058 2576 2134 2637 31
2209 2574 2409 2654 (vnde
2465 2594 2685 2635 vocem

608 2676 863 2757 Claffess
921 2673 1333 2755 ὦπλισμέναι,
1409 2676 1605 2760 simpl.
1691 2676 2077 2761 tempestiua
2119 2678 2368 2737 ductam
2414 2674 2534 2738 effe
2574 2675 2687 2737 ob-

605 2776 938 2840 instructae
968 2800 1182 2841 naues.
1238 2782 1314 2841 cf.
1356 2778 1606 2841 Hefiod.
1692 2782 1890 2844 seruat
1906 2780 2183 2841 Macrob.
2202 2780 2313 2849 VI,
2336 2788 2397 2857 4,
2423 2801 2484 2860 p.
2518 2774 2690 2858 596)2

591 2872 781 2966 ''Ep-y.
814 2886 959 2947 631.
995 2887 1144 2959 632,
1186 2900 1252 2946 et
1284 2888 1427 2964 671.
1461 2887 1607 2963 672.
1693 2886 1852 2945 Plin.
1885 2882 2059 2956 XVI,
2093 2891 2196 2965 74.
2227 2887 2332 2965 75,
2378 2880 2420 2943 s.
2450 2885 2556 2963 59.
2613 2880 2691 2942 cf.

610 2986 740 3047 Sed
784 2991 833 3047 is
877 2987 1124 3048 meliori
1167 2991 1301 3047 iure
1356 2990 1614 3069 nauiga-
1696 2987 1920 3048 Cerda.

609 3092 853 3149 tionem
920 3087 1340 3162 memorabat,
1414 3108 1612 3172 quan·
1786 3088 2172 3169 257-267.
2242 3083 2452 3147 Habet
2503 3089 2694 3147 etiam

611 3191 959 3276 ‹loquidem
1022 3192 1126 3252 illa
1196 3206 1395 3253 aetate
1447 3194 1615 3251 inter
1697 3191 1843 3253 alias
1899 3191 2217 3261 vtilitates,
2301 3186 2348 3249 fi
2405 3187 2695 3251 obserues

615 3315 791 3355 miras
855 3297 1048 3377 patris
1135 3293 1394 3355 familias
1462 3309 1612 3365 erat,
1698 3291 1962 3355 siderum
2006 3307 2177 3354 ortua
2216 3306 2283 3354 et
2335 3291 2577 3353 occasus
2634 3306 2699 3352 et

612 3396 929 3457 frumenta
996 3401 1147 3458 naui
1227 3394 1454 3457 deuehi
1535 3394 1618 3456 ad
1700 3401 1863 3457 vices
1889 3400 2036 3457 anni
2060 3410 2432 3476 temporum.
2477 3398 2616 3458 260.
2631 3396 2699 3454 Si

610 3500 1026 3579 permutanda
1086 3501 1204 3561 alia
1276 3503 1438 3561 vitae
1505 3518 1620 3559 ne·
1699 3500 1984 3581 pluuium
2054 3514 2321 3581 ·tempus
2404 3500 2702 3558 concinet

620 3597 889 3661 ceffaria.
954 3606 1174 3688 Longe
1214 3602 1449 3664 diuersa
1489 3617 1623 3662 erat
1702 3600 1766 3662 h.
1816 3623 1869 3661 e.
1914 3602 2085 3666 domi
2127 3616 2303 3664 tenet
2351 3602 2444 3681 (v.
2486 3603 2700 3664 Burm-

617 3707 785 3766 vitae
856 3710 1074 3789 reique
1140 3702 1395 3767 rusticae
1459 3709 1620 3766 ratio
1704 3703 1766 3766 h.
1812 3705 1891 3785 l.)
1943 3707 2313 3788 agricolam:
2373 3704 2563 3766 multa
2609 3708 2709 3765 in·

617 3806 866 3890 ‘Virgilii
897 3824 1134 3869 aetate:
1179 3812 1366 3870 etiam
1403 3811 1472 3869 in
1513 3808 1624 3867 de·-
1707 3824 1875 3869 terea
1920 3829 2142 3890 parare
2184 3823 2247 3869 et
2293 3808 2493 3867 facere
2537 3807 2705 3881 licet,

618 3910 926 3972 vehendis
957 3915 1110 3973 mari
1141 3912 1438 3995 frugibus.
1523 3910 1624 3972 Ad
1707 3932 1869 3995 quae
1920 3933 2065 3972 mox
2109 3910 2323 3972 sereno
2373 3912 2545 3971 caelo
2600 3931 2712 3992 pa-

620 4032 1054 4097 argumentum
1108 4013 1399 4075 rusticum
1456 4034 1627 4075 com·
1707 4035 1847 4074 rum
1899 4011 2261 4096 tempestiue
2304 4014 2574 4074 curanda
2622 4011 2712 4072 es-

620 4121 997 4179 memoratio
1113 4113 1385 4179 claffium
1489 4132 1628 4179 non
1708 4117 1861 4180 sent.
1978 4119 2117 4180 Hoc
2171 4133 2360 4199 poeta
2429 4120 2710 4178 ornatius

625 4216 790 4282 bene
891 4215 1043 4285 effet
1139 4221 1626 4285 accommodata.
1711 4221 1951 4298 extulit,
1981 4218 2120 4306 post
2135 4222 2491 4297 Hesiodum,
2524 4239 2712 4307 quem
