3075 5114
776 414 1243 490 PRIORIS
1305 415 1930 492 EDITIONIS
2253 447 2418 499 xxx
2517 452 2526 461 ·

320 626 568 716 licuit,
637 637 771 696 aut
809 615 1043 693 verbo
1089 643 1249 693 rem
1288 621 1593 710 monui,
1677 639 1808 694 aut
1848 620 1946 696 ad
1984 627 2183 700 viros
2233 626 2415 706 doc·

322 778 440 857 pos
486 760 857 834 lectorem
893 751 1172 845 remisi,
1239 759 1373 857 qui
1418 751 1922 854 copiofiorem
1970 756 2414 863 dis‘putatio.

320 921 499 972 nem
546 891 1023 968 defideraret.

328 1098 341 1106 .
474 1034 638 1105 Nec
683 1048 942 1102 tamen
983 1043 1226 1100 totam
1269 1049 1519 1101 meam
1576 1026 2182 1132 qualemcunque
2229 1060 2413 1136 ope-

324 1191 483 1259 ram
531 1164 643 1239 his
712 1160 988 1236 finibus
1056 1159 1555 1239 circumscribi
1614 1160 1856 1264 pass‘us
1913 1163 2092 1240 sum.
2215 1173 2413 1249 Cum

318 1299 664 1399 Virgilius
706 1302 775 1381 ia
802 1295 926 1388 fit,
992 1302 1074 1384 in
1114 1323 1269 1397 quo
1303 1297 1628 1398 legendo
1662 1325 1931 1399 magna
1960 1294 2412 1383 iuuenilium

317 1404 736 1525 studiorum
778 1459 947 1535 pars
998 1430 1331 1509 consumi
1376 1431 1643 1525 soleat,
1728 1460 1825 1510 eo
1875 1437 2183 1538 quidem
2227 1467 2413 1516 con.

317 1571 514 1664 filio,
617 1569 1035 1648 dummodo
1082 1568 1302 1643 multi
1357 1567 1441 1641 id
1500 1566 1634 1643 [ibi
1675 1569 2142 1672 propositum
2180 1574 2411 1655 habe·

317 1727 525 1799 mut,
602 1725 680 1781 vt
729 1705 828 1779 ad
886 1703 1452 1781 adolescentum
1492 1708 1794 1803 ingenia
1836 1707 2232 1807 polienda‚
2310 1716 2412 1790 ad

317 1842 602 1920 sensum
649 1861 728 1916 et
766 1838 1055 1943 gustum
1083 1836 1609 1943 pulcritudinis
1641 1842 2106 1933 acuendum,
2159 1845 2256 1918 ad
2302 1856 2414 1922 iu-

319 1981 605 2056 dicium
653 1977 753 2055 de
796 1976 1146 2052 omnibus
1181 1979 1308 2067 iis,
1383 1999 1581 2076 quae
1627 1974 1723 2047 ab
1771 1995 1931 2051 arte
1982 1996 2057 2052 et
2103 1983 2412 2082 ingenio

321 2115 709 2192 elaborata
765 2131 849 2199 et,
898 2109 1227 2213 express'a
1286 2110 1682 2187 oculorum
1742 2117 2125 2215 animique
2179 2115 2414 2195 sensui

322 2250 582 2326 subiici
612 2245 946 2350 poss'unt,
999 2245 1567 2322 informandum·
1606 2247 1852 2323 valere
1904 2223 2030 2323 illa
2067 2252 2299 2328 lectio
2333 2275 2414 2332 et

321 2392 470 2461 vim
512 2385 793 2460 habere
826 2382 1212 2476 debeat,*)
1267 2380 1416 2459 feci
1451 2382 1566 2474 id,
1623 2383 1833 2485 quod
1859 2390 1939 2458 in
1976 2387 2126 2462 alio
2158 2412 2409 2491 poeta,

274 2589 281 2606 ,
328 2526 462 2623 qui
504 2546 659 2596 non
720 2525 827 2594 ita
886 2522 1227 2593 omnium
1279 2518 1622 2596 manibus
1686 2526 1983 2612 teritur,
2075 2544 2207 2599 aut
2251 2554 2413 2603 non

326 2656 464 2732 nisi
509 2684 553 2730 a
602 2655 1162 2736 callentioribus
1206 2674 1284 2731 et
1342 2654 1807 2731 doctioribus
1866 2658 2172 2759 legitur,
2254 2690 2415 2738 non

319 2795 509 2870 mihi
554 2793 986 2870 faciendum
1029 2790 1176 2870 effe
1221 2812 1601 2893 putarem,
1695 2813 1772 2864 vt
1822 2819 1979 2866 non
2035 2796 2270 2869 modo
2319 2797 2420 2871 ad

318 2957 453 3022 ea,
537 2955 733 3032 quae
791 2927 1119 3004 difficilia
1177 2929 1276 3003 ad
1340 2927 1917 3027 intelligendum
1974 2947 2051 3003 et
2108 2928 2422 3006 obscura

319 3064 533 3158 funt,'
593 3090 851 3139 verum
894 3064 993 3138 ad
1036 3064 1165 3139 illa
1210 3069 1437 3140 etiam
1479 3063 1895 3165 legentium
1954 3067 2245 3139 animos
2290 3066 2422 3140 ad-

409 3273 472 3354 Ἀ’)
521 3271 784 3354 Quintil.
818 3270 871 3348 I,
904 3271 967 3345 8,
990 3276 1051 3350 4.
1092 3271 1332 3330 Cetera
1414 3272 1736 3348 inciperet
1753 3291 1778 3337 ,·
1863 3290 2272 3352 quamquam
2326 3272 2427 3333 ad

316 3374 793 3435 admonitione
821 3394 1072 3452 magna
1114 3387 1333 3453 egent,
1417 3368 1888 3451 intelligendas
1936 3392 2165 3432 eorum
2210 3377 2425 3434 vireu-

320 3480 672 3560 inpn‘mis,
721 3492 798 3536 vc
822 3492 1113 3537 tenerae
1156 3497 1336 3536 rnen-
1421 3491 1520 3536 ces
1565 3477 1880 3556 firmiore
1943 3473 2195 3535 iudicio
2256 3499 2424 3558 opus

328 3596 466 3651 tes,
562 3594 1038 3664 tracturaeque
1108 3582 1339 3648 altius,
1422 3578 1597 3663 ςθὶς.
1659 3576 1793 3639 Sed
1815 3579 1970 3638 huie
2000 3580 2100 3638 rei
2117 3577 2427 3659 superesi

333 3682 657 3767 quiequid
721 3682 997 3743 rudibus
1065 3698 1133 3743 et
1201 3705 1338 3743 om·
1423 3694 1719 3761 tempus:
1817 3700 2033 3763 neque
2087 3684 2264 3740 enim
2309 3683 2426 3760 se-

332 3788 513 3845 nium
541 3789 800 3866 ignaris
834 3784 1170 3865 insederit,
1200 3807 1337 3845 non
1421 3784 1557 3842 mel
1617 3782 1961 3859 legentur:
2044 3784 2316 3843 interim
2360 3801 2429 3845 et

335 3887 533 3950 modo
564 3911 741 3973 quae
766 3889 1041 3969 diserta,
1068 3889 1205 3968 sed
1230 3890 1345 3949 vel
1400 3885 1825 3966 sublimitate
1884 3884 2140 3945 heroici
2194 3892 2430 3964 carmi-

336 3995 556 4079 pmgis
612 4014 788 4078 quae
840 3991 1110 4071 honesta
1142 3994 1365 4072 fiant?
1421 3992 1527 4049 nis
1558 3991 1823 4048 animus
1849 3986 2185 4069 affingat,
2240 4007 2310 4051 ee
2342 3991 2428 4072 ej?

296 4092 619 4175 ‘difeanh
733 4095 1027 4182 Ideoque
1095 4098 1343 4180 optime
1428 4090 1894 4172 magnitudine
1948 4110 2174 4150 rerum
2223 4094 2431 4174 spiri·

258 4217 273 4224 ·
343 4197 712 4274 institutum
770 4200 893 4279 est,
967 4216 1043 4260 vc
1093 4200 1179 4259 ab
1211 4201 1344 4260 Ho-
1433 4214 1576 4258 enm
1607 4193 1850 4265 ducac,
1896 4207 1962 4254 et
1994 4196 2262 4277 optimis
2311 4199 2434 4262 im-

342 4321 519 4363 mero
580 4317 788 4386 aeque
829 4303 1092 4388 Virgilio
1150 4303 1346 4382 lectio
1436 4300 1701 4374 buntur.

446 4419 674 4493 Toni.
717 4422 752 4492 Ι
1596 4444 1640 4493 0
