3075 5114
627 347 774 445 542·

632 552 1085 647 Coeumque
1147 547 1642 648 Iapetumque

635 820 733 894 Et
786 817 1217 892 coniuratos
1259 813 1559 889 coelum
1599 810 2015 890 rescindere
2064 815 2349 894 fratres.

956 353 959 360 ⁴
1080 358 1166 430 P.
1212 356 1699 432 VIRGILII
1762 359 2282 436 MARONIS

1716 565 1919 622 creat
1935 601 1954 635 ,
2043 546 2497 651 laeuumque
2557 539 2705 647 T‘y.

1877 681 2148 782 phoea,

2553 824 2702 905 280

634 953 792 1027 Ter
840 947 1007 1022 sunt
1056 956 1309 1028 conati
1356 954 1724 1050 inponere
1782 949 1994 1024 Pelio
2041 948 2295 1027 offam

716 1169 723 1174 -
776 1158 881 1213 279
922 1158 1030 1212 que
1070 1139 1212 1195 abest
1245 1137 1366 1213 post
1411 1140 1622 1192 Coeum
1660 1139 1718 1191 in
1762 1155 2003 1211 quatuor.
2094 1146 2305 1198 Coeum
2339 1101 2526 1210 ιΚοῖον,
2550 1103 2703 1199 ’scri-

634 1226 772 1285 bunt
811 1224 1072 1278 melium.
1159 1227 1369 1280 Caeam
1411 1223 1517 1276 alii.

1635 1225 1959 1298 Typhonem
1998 1227 2226 1301 Philarg.
2262 1230 2329 1282 ed
2358 1231 2458 1283 Ge.
2487 1232 2552 1290 11,
2578 1233 2700 1297 460.

636 1318 736 1370 281
779 1314 985 1368 Pelion
1009 1308 1177 1385 Offae
1201 1309 1408 1364 zulich.
1439 1309 1654 1382 Memg.
1683 1325 1736 1365 et
1757 1313 1951 1367 Mota.
1984 1332 2018 1367 ι
2037 1333 2108 1367 m.
2144 1316 2241 1370 sec.
2312 1316 2487 1389 Offae:
2520 1315 2704 1371 Schol-

640 1484 924 1546 Nouauit
983 1477 1107 1539 hoc
1171 1476 1351 1538 Maro
1423 1479 1633 1541 nescio

642 1606 767 1670 qua
815 1587 1179 1643 anctoritate
1199 1624 1220 1655 ,
1295 1582 1466 1664 quod
1513 1584 1634 1642 Or-

641 1708 784 1748 cum
828 1706 967 1747 cum
1008 1685 1201 1746 Furiis
1252 1701 1466 1745 natum
1504 1686 1634 1746 odi·

642 1789 752 1852 dit.
854 1790 1089 1870 Quaeri
1132 1785 1370 1869 potest,
1421 1787 1634 1849 volue-

640 1899 804 1955 ritne
824 1878 1066 1974 ”Opaon
1106 1888 1479 1950 Heliodenm
1524 1889 1635 1950 de-

644 1996 872 2056 clarare
888 2031 910 2064 ,
978 1991 1165 2051 deum
1206 1994 1351 2050 iuris
1391 1991 1628 2051 iurandi

645 2112 710 2156 et
750 2094 1012 2154 vltorem
1044 2095 1331 2174 periurii,
1398 2113 1476 2152 an
1527 2087 1634 2156 τὸν

627 2187 845 2279 “Adam
870 2195 1237 2269 Plutonem,
1297 2194 1397 2256 seu
1426 2198 1633 2274 potius

646 2282 953 2360 diuersum
984 2298 1237 2381 aliquod
1284 2320 1319 2358 a
1369 2297 1633 2357 Plutone

643 2402 913 2464 inferum
944 2419 1199 2459 numen.
1270 2400 1431 2460 Cum
1454 2400 1637 2481 plura

649 2502 1008 2586 astrologica
1039 2505 1330 2577 earmina,
1375 2503 1638 2564 Alexan-

650 2610 970 2669 drinarum
1013 2602 1500 2686 superstitionum
1545 2608 1637 2667 se·

646 2728 774 2784 tus,
880 2722 1192 2782 extarent,
1288 2712 1471 2769 etiam
1523 2708 1633 2770 sub

645 2810 888 2893 Orphei
944 2827 1008 2870 et
1051 2810 1461 2892 Melampodiz
1517 2833 1636 2874 no·

642 2921 813 2976 mine
829 2956 851 2987 ,
924 2910 972 2973 fi
1002 2912 1194 2975 modo
1223 2914 1484 2974 Marone
1524 2935 1636 2974 an-

642 3022 908 3102 tiquiora
951 3016 1159 3089 fuere,
1234 3035 1309 3080 ex
1350 3014 1442 3076 his
1470 3014 1638 3077 hunc

640 3119 853 3183 locum
880 3116 1246 3179 adumbrare
1274 3116 1378 3177 ille
1409 3122 1632 3198 potuit.

640 3224 872 3283 'Parum
915 3236 1122 3281 tamen
1155 3233 1352 3278 tutum
1385 3216 1490 3291 est,
1555 3220 1634 3281 de

639 3321 735 3384 his
790 3322 1020 3405 aliquid
1071 3320 1383 3404 suspicari,
1474 3322 1635 3382 mul-

639 3440 710 3486 to
770 3429 970 3485 minus
1015 3430 1440 3505 pronuntiare.
1523 3425 1630 3505 (v.

638 3529 810 3588 Lenz
853 3526 931 3587 de
958 3528 1308 3610 fragmentis
1343 3524 1631 3609 Orphicia

640 3630 724 3691 ad
755 3624 1185 3690 astronomiam
1215 3628 1628 3712 spectantibus

645 3735 830 3813 1789.
915 3745 978 3791 et
1034 3731 1113 3794 de
1158 3732 1467 3814 personati
1507 3732 1628 3790 Or·-

631 3832 784 3917 pbei
872 3822 1125 3917 ’Ἔργοις
1183 3837 1285 3899 καὶ
1334 3832 1626 3916 Ἡμέραις

631 3940 702 4001 in
784 3934 1034 3997 Neuem
1120 3937 1623 4015 Schulmagazin

638 4047 800 4120 1794
828 4038 894 4097 B.
921 4038 1001 4112 11,
1039 4061 1075 4099 2
1113 4062 1175 4123 p,
1208 4043 1352 4119 359.
1423 4037 1523 4098 vbi
1561 4059 1619 4101 v.

1718 1498 1781 1544 et
1803 1484 2033 1544 Terrae
2067 1482 2327 1546 soboles.
2423 1485 2480 1544 Β
2505 1485 2702 1548 Terra

1718 1600 1782 1646 et
1830 1587 2092 1647 Tartaro
2161 1587 2493 1668 Typhoeus
2507 1609 2532 1655 ‚·
2621 1588 2704 1650 de

1717 1708 1844 1770 quo
1873 1709 1927 1746 v.
1942 1685 2270 1771 Theogon.
2290 1693 2408 1754 821
2434 1705 2498 1750 et
2513 1692 2708 1772 Apol-

1715 1788 1840 1850 lod.
1871 1789 1922 1861 1,
1954 1787 2018 1862 6,
2048 1792 2109 1852 3.
2173 1807 2358 1850 creat
2388 1814 2505 1873 pro
2537 1814 2708 1856 crea-

1715 1894 1818 1951 vit.
1909 1892 2050 1953 280.
2077 1890 2380 1968 fratres:
2444 1893 2545 1955 seu
2590 1898 2704 1959 Gi-

1716 2008 1965 2074 gantes,
2060 1990 2163 2052 seu
2222 1994 2471 2054 Aloidas
2527 2016 2701 2061 nunc

1714 2108 2052 2165 memorat,
2122 2095 2314 2153 Otum
2359 2110 2423 2156 et
2446 2095 2699 2178 Ephial-

1717 2213 1861 2268 ten,
1901 2193 2112 2255 fimilia
2150 2197 2267 2257 illis
2301 2199 2580 2261 molitos:
2638 2222 2694 2261 v.

1716 2297 2005 2380 Apollod.
2034 2299 2084 2372 1,
2118 2319 2180 2379 7,
2214 2306 2258 2378 4
2314 2315 2380 2361 et
2403 2302 2558 2361 Aen.
2588 2303 2699 2378 VI,

1718 2403 1843 2465 580
1907 2402 2040 2460 Hic
2070 2434 2154 2448 --
2192 2401 2459 2462 Reunia
2490 2405 2703 2486 pubes

1712 2537 1801 2551 --
1828 2505 1958 2564 Hic
2000 2517 2067 2564 ec
2121 2502 2410 2565 Aloidas
2436 2540 2524 2555 -·
2582 2512 2701 2594 q‘tei

1718 2607 2022 2667 manibus
2072 2625 2386 2685 magnum
2456 2612 2698 2689 rescia·
2786 2683 2792 2689 .

1718 2709 1878 2770 dere
1936 2709 2193 2769 caelum
2244 2709 2547 2791 Adgrqffi.
2574 2713 2698 2791 [η’-

1713 2815 2022 2895 pet-isque
2061 2817 2288 2872 Iouem
2344 2811 2701 2877 detrudere

1718 2920 1954 2995 regnis.
2037 2913 2141 2975 Est
2206 2930 2413 2975 autem
2466 2917 2707 2995 rescin-

1719 3017 1877 3078 dere
1915 3040 2044 3102 pro
2103 3015 2483 3093 exscindere,
2559 3042 2702 3083 cum

1715 3125 1977 3181 notione
2031 3121 2507 3202 perrumpendi,
2619 3126 2701 3182 ir-

1714 3221 2077 3303 rumpendi,
2117 3236 2120 3247 ·
2164 3225 2335 3305 quod
2380 3222 2542 3285 bene
2586 3222 2701 3285 ob·

1715 3321 1913 3384 seruat
1937 3322 2187 3383 Wakef.
2226 3324 2306 3384 ad
2343 3326 2583 3387 Lucret.
2611 3326 2692 3400 11,

1714 3427 1860 3504 406.
1925 3428 2009 3485 vti
2050 3421 2096 3487 fi
2135 3426 2423 3496 vallum,
2469 3443 2700 3510 porca,

1710 3528 1968 3589 rescindi
2020 3528 2257 3591 dicitur.
2368 3531 2703 3613 Comparat

1709 3630 1814 3691 ille
1870 3630 2239 3709 rescindere
2284 3634 2578 3693 vulneris
2625 3655 2699 3694 oe

1707 3732 1818 3791 inf.
1860 3732 1968 3805 111,
2010 3737 2169 3814 453,
2248 3756 2366 3816 pro
2434 3741 2694 3816 aperire.

1705 3833 1780 3894 Id
1820 3839 1984 3894 enim
2029 3853 2326 3920 egerunt,
2407 3835 2480 3900 W
2521 3835 2694 3924 οὐρα.-

1704 3929 1801 4006 vde
1882 3928 2160 4017 Sc'pcssoeroc
2232 3938 2359 4022 εἴη,
2454 3956 2522 4000 vt
2586 3941 2691 4005 vbi

1704 4039 2040 4122 Olympum
2088 4037 2452 4117 tenuiss'ent,
2492 4064 2569 4104 ex
2607 4063 2695 4104 eo

621 4165 690 4226 p.
721 4144 867 4222 378.
900 4143 1084 4222 379.)
1159 4143 1368 4201 Coeus
1407 4155 1472 4200 et
1509 4144 1619 4199 Ia-
1699 4142 1933 4202 caelum
1952 4141 2692 4206 conscenderentlouem-

616 4260 812 4329 pecus
844 4237 979 4307 sunt
1007 4241 1041 4306 e
1066 4242 1409 4319 Titanibus,
1432 4241 1614 4304 Coeli
1696 4250 1824 4325 que·
1879 4243 2295 4307 deturbarent.
2409 4247 2552 4311 281.
2595 4247 2689 4308 Ex
