3075 5114
846 355 1437 435 BVCOL'ICA
1501 354 1744 429 ECL.
1785 350 1907 432 IV
1946 350 1979 401 ·’
2319 374 2473 437 10‘1'

561 547 716 612 Non
763 546 1107 607 oraculum
1150 544 1435 625 Sibyllae
1454 542 1594 622 sed
1636 541 1909 621 Hesiodi
1947 559 2238 628 quatuor
2277 567 2465 612 aeta·
2510 562 2517 571 '

395 669 502 716 tes.
541 677 590 715 a
631 658 920 715 Marone
964 653 1200 736 respici
1246 651 1688 713 contendebat
1726 652 1981 712 Fabric.
2021 655 2095 712 in
2133 656 2294 715 Bibl.
2344 657 2464 719 Gr.

385 763 578 825 LTom.
621 765 826 832 1„31,
864 782 959 843 19.
1059 762 1272 822 Fuere
1315 774 1537 819 tamen
1580 759 1776 817 liuius
1817 762 2080 836 generis
2119 778 2186 821 et
2231 779 2467 826 vatum

388 886 462 930 et
495 885 851 952 poetarum
898 870 1086 948 Iusta-r
1116 867 1309 928 multi
1348 865 1487 929 alii.
1584 869 1663 926 In
1708 865 1846 946 ipso
1890 888 2151 951 quoque
2182 870 2466 946 Hesiodo

385 998 528 1037 -non
551 977 739 1056 'satis
778 992 1018 1059 aperta
1058 973 1147 1052 est
1187 989 1487 1034 aetatum
1539 974 1714 1033 ratio
1731 1016 1752 1046 ,
1840 972 1985 1034 loco
2024 976 2223 1055 forte
2260 979 2468 1037 iuter«-

387 1084 645 1169 polato.
727 1085 839 1145 De
883 1082 1281 1161 obscuritate
1316 1082 1630 1140 carminis
1662 1101 2015 1163 perperam
2053 1103 2470 1166 conquerun-

398 1194 515 1250 t'm:
553 1191 847 1259 homines
886 1187 1102 1263 docti,
1186 1186 1725 1272 quandoquidem
1775 1188 1902 1249 lioc
1953 1190 2163 1273 ipsum
2219 1190 2317 1250 ad
2351 1211 2469 1251 va·

399 1297 618 1356 ticinii
654 1295 944 1358 indolem
975 1299 1270 1376 pertinet
1284 1338 1309 1366 ,
1362 1311 1437 1355 vt
1478 1316 1606 1377 per
1641 1295 1955 1375 ambages
2002 1296 2352 1372 obscurata
2372 1297 2473 1375 stt

400 1405 642 1463 oratio.
736 1406 899 1464 Dim
922 1423 1085 1464 vero
1107 1402 1409 1482 singulos
1439 1403 1669 1484 versus
1696 1402 1791 1462 ad
1809 1401 2154 1482 singulare
2193 1403 2476 1488 aliquod

401 1508 670 1587 ustorum
708 1525 1076 1588 temporum
1105 1512 1382 1593 sactum
1423 1530 1740 1569 reuocare
1778 1510 1985 1584 velle,
2014 1534 2035 1547 ⁸
2072 1530 2209 1570 non
2253 1515 2476 1572 minus

399 1618 605 1677 inane
625 1614 924 1694 studium
964 1614 1084 1693 est,
1141 1637 1342 1701 quam
1389 1614 1573 1700 quod
1602 1619 2002 1703 'interpretes
2047 1617 2474 1678 oraculorum

382 1725 740 1803 sacrorum
752 1725 960 1807 sequi
999 1721 1266 1794 videas,
1332 1743 1484 1783 cum
1515 1721 1788 1801 singula
1835 1724 2315 1803 phantasmata
2355 1747 2475 1785 va-
2554 1752 2561 1763 ·

408 1847 587 1902 tum,
639 1848 982 1914 tamquam
1013 1829 1082 1906 si
1113 1832 1199 1901 ¹in
1237 1828 1594 1889 annalibus
1645 1832 1858 1889 Taciti
1898 1830 2181 1889 alicuius
2219 1832 2479 1907 versen-

405 1953 552 2008 tur,
613 1941 792 1999 inter
825 1937 998 2018 ipsas
1040 1957 1144 1996 res
1179 1935 1393 2016 gestas
1439 1936 1778 2016 referunt,
1859 1951 1927 1995 et
1970 1941 2241 2019 poetica
2283 1958 2481 1998 orna·
2556 1964 2567 1975 ·

403 2061 634 2105 menta
674 2043 773 2106 ad
792 2045 1140 2124 sactorum
1167 2043 1386 2124 fidem
1432 2043 1805 2125 explorant.
1891 2044 2120 2103 Etiam
2150 2044 2479 2105 Lowtltius

406 2153 671 2211 Summe
713 2152 879 2212 Ven.
924 2151 1136 2234 Episc.
1178 2148 1462 2218 Londin‚
1507 2149 1832 2211 Praelect.
1875 2152 2049 2211 XX!
2095 2151 2356 2212 erudite
2397 2151 2486 2212 de

406 2258 538 2319 Itac
572 2257 829 2337 Ecloga
874 2258 1055 2335 agit,
1142 2277 1419 2339 eamque
1470 2258 1739 2317 omnino
1799 2256 2103 2341 expediri
2151 2259 2333 2342 poffe
2370 2280 2485 2320 ne-

405 2380 565 2445 gat,
605 2385 729 2424 nec
766 2364 1044 2424 mulmm
1071 2361 1285 2442 abeli,
1340 2366 1502 2447 quin
1528 2362 1666 2442 fibi
1692 2364 2135 2446 persuadeat,
2171 2387 2307 2427 non
2332 2365 2486 2443 stne

410 2474 559 2533 veri
598 2470 711 2532 dei
743 2470 979 2551 affiatu
1020 2491 1166 2532 eam
1192 2472 1524 2555 scriptam
1565 2469 1731 2552 eſj‘e:
1818 2473 2069 2532 Contra
2107 2494 2307 2556 quam
2327 2475 2488 2553 seu-

413 2578 1145 2661 tentiam„disputatum
1201 2576 1290 2659 est
1342 2599 1555 2660 nuper
1591 2575 1927 2654 singulari
1979 2579 2198 2641 libello
2224 2565 2233 2570 “
2255 2603 2301 2641 a
2336 2584 2488 2643 viro

410 2686 648 2755 docto,
723 2687 884 2746 Sam.
949 2687 1210 2771 Henley.
1342 2687 1413 2747 Si
1466 2685 1614 2767 quis
1656 2699 1882 2743 tamen
1926 2689 2161 2747 animo
2206 2699 2487 2770 reputet,

408 2795 699 2855 aliorum
756 2814 1017 2878 quoque
1068 2793 1503 2877 populorum,
1579 2805 1850 2866 praeter
1904 2791 2221 2867 Iudaeos,
2298 2809 2492 2853 vates

416 2916 487 2960 et
550 2903 877 2961 vaticinia
944 2901 1100 2962 olim
1157 2900 1369 2984 fuiffe
1419 2917 1790 2983 permagno
1846 2920 2158 2969 numero.-
2240 2921 2495 2961 eorum

417 3028 621 3089 porro
665 3023 901 3067 vatum
937 3010 1209 3087 ingenia
1245 3030 1381 3069 non
1417 3009 1634 3067 minus
1676 3006 2015 3089 incaluiffe
2059 3007 2496 3091 phantasma-

427 3115 600 3175 tibus
654 3130 721 3175 et
764 3114 914 3191 visis
958 3115 1278 3197 poeticis,
1340 3114 1471 3195 seu
1495 3147 1498 3152 ·
1520 3115 1860 3196 poeticum
1906 3131 2218 3176 ornatum
2255 3113 2500 3174 admit-

427 3221 752 3290 tentibus,-
826 3223 1212 3304 quotiesque
1252 3224 1326 3281 in
1366 3220 1600 3281 eodem
1637 3238 2027 3300 argumento
2056 3223 2187 3301 seu
2229 3222 2529 3283 calami-·

425 3343 645 3388 tatum
681 3326 1287 3410 praedicendorum
1323 3329 1451 3407 seu
1500 3327 1862 3409 felicitatis
1915 3328 2225 3413 publicae
2270 3331 2505 3411 priua-

427 3451 671 3518 taeque
729 3431 1169 3512 ostendendae
1208 3436 1668 3516 versarentur,
1750 3437 2109 3518 necqffario
2154 3438 2228 3497 in
2267 3434 2505 3495 eadem
2596 3467 2603 3476 ·

428 3565 656 3602 rerum
699 3542 1181 3625 phantasmata
1218 3563 1330 3603 eos
1373 3541 1670 3603 incidere
1726 3543 2052 3626 debuiffe:
2139 3564 2277 3603 non
2328 3541 2504 3604 adeo

434 3649 826 3718 mirabitur,
880 3646 1315 3710 adumbratas
1357 3649 1483 3732 eſj‘e
1521 3654 1594 3709 in
1635 3650 1761 3712 hoc
1798 3653 2123 3726 carmine,
2176 3666 2253 3711 vt
2289 3652 2365 3711 in
2404 3664 2509 3713 tot
2596 3685 2601 3690 ·

443 3757 640 3825 aliis,
731 3777 951 3816 rerum
1019 3756 1281 3842 species
1345 3777 1431 3818 ac
1490 3758 1763 3838 formas
1840 3779 1926 3818 ex
1995 3772 2224 3819 aetate
2297 3777 2514 3819 aurea

440 3865 654 3944 iisque
699 3860 990 3937 similes,
1089 3885 1265 3947 quae
1337 3867 1412 3926 in
1487 3863 1839 3925 Ilebraicis
1917 3865 2183 3927 vatibus
2284 3883 2512 3927 occur-

448 3985 645 4040 runt:
705 3986 783 4030 vt
836 3968 1013 4030 illud
1062 3986 1356 4048 taceam,
1444 3973 1516 4032 in
1577 3991 1821 4051 magno
1875 3972 1990 4034 illo
2041 3972 2512 4056 Sibyllinorum

429 4077 871 4142 ¹oraculorum
910 4100 1217 4155 numero,
1260 4101 1456 4164 quem
1483 4080 1715 4160 paullo
1751 4095 1912 4141 ante
1936 4081 2262 4151 vidimus,
2302 4083 2517 4143 multa

457 4182 584 4264 effe
637 4182 926 4266 debuiffe
979 4208 1024 4245 a
1071 4188 1247 4269 Syris
1289 4202 1354 4249 et
1403 4186 1670 4250 Iudaeis
1711 4188 2087 4251 homiuibus
2118 4207 2515 4273 propagata.
