3075 5114
614 332 770 424 Iffoo
1292 329 1890 407 EXCVRSVS
1953 331 1989 400 1

616 541 799 589 acute
842 527 1056 607 vtique
1100 535 1164 582 et
1198 507 1540 602 ingeniose
1571 518 1896 600 disputata.
2011 513 2114 575 De
2150 469 2377 574 'ceteris
2425 511 2711 594 dispiciet

612 635 821 696 bonus
862 628 1118 694 Hefiodi
1168 628 1403 702 editor,
1481 624 1528 688 fi
1571 629 1706 712 quis
1746 629 1877 686 eius
1915 626 2171 683 carmini
2211 621 2546 705 aliquando
2590 619 2711 683 ob·
2813 651 2820 658 ·

621 745 848 826 tigen't.

798 915 1011 973 Primo
1055 909 1292 971 versus:
1370 906 1692 969 Caeditur
1750 920 1818 966 ec
1868 905 2017 967 eilia
2075 918 2238 970 ante
2291 904 2448 984 iugo
2517 903 2717 973 leuis,

622 1021 900 1103 altaque
936 1018 1155 1099 fagus
1215 1018 1481 1082 Stiuae,
1568 1035 1742 1099 quae
1798 1033 2029 1072 currus
2070 1034 2113 1070 a
2166 1027 2354 1089 tergo
2398 985 2719 1095 torqueo}

625 1133 837 1190 imos:
915 1147 951 1186 e
995 1124 1247 1183 Martini
1300 1123 1531 1183 iudicio
1593 1118 1936 1202 constituit;
2032 1140 2266 1203 eosque
2321 1119 2497 1180 bono
2540 1119 2718 1194 sensu

629 1255 845 1298 carere
885 1234 1290 1314 pronuntiat,
1358 1225 1473 1292 nisi
1518 1227 1748 1306 cursus
1777 1227 2143 1290 emendetur
2184 1249 2325 1286 cum
2359 1232 2491 1287 viro
2522 1227 2717 1290 docto

630 1340 800 1425 ap'ud
851 1340 1208 1400 Martinum.
1322 1336 1660 1396 Enimuero
1723 1331 1800 1395 fic
1853 1336 2037 1395 Maro
2095 1334 2285 1394 latine
2330 1335 2536 1396 dicere
2577 1356 2722 1399 non

629 1451 871 1534 potuitt
941 1443 1114 1528 quod
1164 1439 1359 1503 sensus
1405 1463 1717 1524 quemque
1760 1441 1896 1501 suus
1940 1441 2167 1502 docere
2206 1439 2445 1522 potest,
2509 1439 2555 1501 fi
2599 1442 2722 1503 ser-

630 1558 837 1618 monis
883 1551 1051 1614 vsum
1097 1547 1341 1608 habeat.
1426 1549 1509 1609 At
1565 1570 1834 1607 currum
1901 1567 2019 1629 pro
2093 1565 2327 1609 aratro
2395 1552 2561 1607 rotis
2616 1553 2720 1610 ia..

615 1660 875 1742 structo
922 1659 1127 1719 dicere
1168 1675 1285 1737 per
1325 1660 1560 1737 poetici
1593 1655 1882 1717 sermonis
1911 1655 2188 1716 indolem
2226 1671 2289 1716 et
2321 1654 2484 1715 vsutn
2516 1657 2720 1728 licuit:

582 1813 593 1830 .
634 1787 816 1840 eum,
864 1764 925 1827 h.
961 1785 1016 1826 e.
1064 1778 1369 1835 aratrum,
1417 1767 1613 1846 regit,
1676 1784 1722 1821 a
1753 1778 1940 1839 tergo
1990 1777 2255 1843 torquet
2302 1778 2539 1831 arator:
2597 1766 2723 1829 imi

635 1894 872 1935 currus
932 1867 1211 1953 epitheto
1280 1883 1544 1930 ornante
1601 1868 1747 1930 dicti
1814 1867 1947 1928 sunt
1999 1887 2131 1927 non
2193 1873 2394 1932 minus
2442 1875 2716 1950 poetice,

637 1995 945 2065 quatenuo
988 1995 1239 2037 vomere
1277 1975 1400 2035 alte
1434 1971 1722 2054 impress'o
1770 1975 2025 2034 inferior
2057 1959 2236 2033 aratri
2270 1995 2409 2054 pars
2454 1975 2721 2057 desuper

636 2087 717 2148 ab
757 2106 836 2148 eo
848 2127 872 2166 ,
935 2087 1044 2165 qui
1088 2079 1303 2143 stiuam
1349 2080 1741 2153 moderatur,
1811 2078 2081 2140 flectitur
2119 2102 2191 2140 ac
2234 2086 2503 2163 regitur3
2577 2084 2721 2145 Exit

638 2198 889 2275 itaque,
959 2188 1152 2249 modo
1197 2191 1449 2270 genium
1492 2191 1724 2268 poetici
1763 2181 2346 2261 sermonisweneai,
2430 2213 2465 2250 e
2512 2191 2721 2276 Virgi-

637 2300 803 2361 liana
847 2297 1114 2357 lectione
1157 2293 1457 2355 sententia
1504 2294 1759 2367 eadem,
1852 2315 2037 2378 quam
2095 2298 2210 2355 viri
2262 2298 2432 2357 docti
2490 2300 2722 2361 inferro

639 2406 863 2466 volunt
906 2423 1022 2484 per
1052 2401 1411 2463 ‘lectionem
1465 2417 1836 2483 corruptam.
1949 2401 2154 2484 Negat
2193 2406 2283 2462 vir
2327 2404 2545 2467 doctus
2587 2426 2724 2468 ara·

641 2526 806 2573 trum
850 2514 1001 2571 rotis
1049 2503 1407 2569 instructum
1450 2511 1570 2570 iam
1626 2524 1754 2573 tum
1813 2507 2159 2574 innotuiss‘e.
2266 2506 2456 2596 Atqui
2499 2528 2723 2575 notum

645 2606 801 2681 illud
842 2613 1017 2677 fuisse
1067 2613 1168 2676 hic
1208 2613 1334 2697 ipse
1392 2616 1564 2679 locus
1612 2617 1836 2680 docere
1881 2615 2166 2681 debebat.
2284 2619 2475 2700 Quod
2525 2642 2560 2681 a
2603 2621 2724 2681 Ca,

648 2741 799 2787 tone
845 2739 910 2786 et
951 2723 1237 2783 Varrone
1278 2722 1432 2784 illud
1481 2745 1612 2785 non
1658 2741 2207 2786 commemoratum
2263 2724 2381 2797 est,
2461 2749 2578 2809 pro
2630 2747 2726 2788 ar·

647 2848 949 2923 gumento
992 2832 1223 2894 idoneo
1266 2828 1387 2895 effe
1430 2837 1680 2916 nequit:
1755 2854 1894 2893 cum
1933 2848 2155 2893 neuter
2197 2833 2261 2895 id
2299 2850 2474 2917 agat,
2531 2850 2593 2895 vt
2630 2839 2727 2896 in·

646 2938 1124 3023 strumentorum
1167 2936 1526 3001 rusticorum
1578 2939 1836 3000 formam
1894 2938 2125 3000 curiose
2177 2938 2488 3003 describat.
2605 2940 2726 3003 Fae

650 3069 803 3110 vero
848 3061 1174 3134 Vtrumque
1219 3047 1282 3108 id
1327 3044 1550 3136 egiss'e,
1639 3046 1809 3130 quod
1852 3065 1984 3107 non
2029 3050 2189 3129 egit:
2266 3042 2473 3129 potuit
2520 3047 2727 3111 secun·-

654 3154 803 3215 dum
845 3155 1017 3228 illos,
1087 3154 1327 3237 Virgilii
1374 3169 1614 3227 aetate,
1643 3236 1648 3243 ἱ
1674 3156 1741 3215 in
1786 3172 1935 3234 agro
1980 3155 2360 3227 Mantuano,
2413 3154 2583 3216 aliud
2624 3154 2729 3219 vsu
2770 3208 2784 3213 ,

654 3259 911 3343 haberi;
992 3262 1331 3325 Innotuere
1391 3257 1528 3343 post
1587 3280 1753 3321 arma
1804 3280 1837 3319 a
1886 3258 2043 3319 Iulio
2089 3259 2343 3323 Caesare
2384 3266 2450 3324 in
2497 3262 2730 3324 Gallias

653 3368 822 3429 illata
865 3368 980 3430 alia
1024 3389 1277 3451 quoque
1321 3389 1357 3428 a
1403 3368 1599 3428 Gallis
1642 3370 1936 3444 inuenta;
1991 3379 2055 3425 vt
2099 3382 2262 3429 certa
2307 3367 2729 3430 vehiculorum

656 3493 929 3559 genera,
985 3494 1265 3537 carrucae
1305 3490 1371 3537 et
1410 3473 1489 3536 fic
1527 3495 1758 3557 porro;
1799 3448 1951 3534 ⁸coli
1993 3480 2202 3556 coepit
2245 3478 2311 3540 in
2344 3475 2601 3558 Alpibus
2643 3476 2730 3537 se·

658 3581 794 3642 cale
841 3581 1033 3658 (plin,
1081 3582 1570 3661 xvlu‚,16,4)
1638 3582 1935 3645 Romanis
1976 3585 2280 3665 ignotum.
2382 3584 2732 3643 Occurrunt

666 3688 781 3760 elia
815 3692 881 3748 in
911 3687 1171 3770 Virgilio
1212 3689 1422 3751 Italiae
1451 3689 1775 3771 superioris
1809 3693 1967 3771 agris
2012 3695 2264 3771 propria
2291 3709 2364 3750 ac
2393 3687 2729 3772 singularia.

658 3794 862 3865 Plinii.
894 3792 1080 3854 verba
1119 3793 1224 3858 lib.
1254 3797 1485 3870 XVIII,
1515 3800 1601 3875 48
1645 3816 1678 3855 a
1709 3816 1808 3855 me
1838 3794 2083 3856 laudata
2118 3818 2370 3858 omne-m
2402 3798 2579 3861 facile
2625 3796 2735 3856 du·

661 3899 1030 3971 bitationem
1089 3900 1406 3976 tollerent,
1498 3902 1544 3965 fi
1585 3903 1768 3965 lectio
1813 3905 1882 3964 in
1926 3924 2005 3967 eo
2048 3900 2195 3966 ess'et
2237 3910 2438 3969 minus
2485 3909 2732 3964 incerta.

662 4007 1024 4081 Damalin,
1092 4004 1153 4068 h.
1187 4028 1242 4069 e.
1285 4010 1571 4084 dentale,
1617 4009 1852 4086 ἔλυμα,
1914 4009 2077 4072 bene
2123 4015 2211 4071 vir
2251 4004 2504 4083 doctus,
2553 3992 2747 4093 quent

664 4114 948 4199 laudaui,
1036 4111 1224 4172 docet
1279 4115 1706 4206 accipiendum
1751 4110 1870 4177 effe
1916 4116 1995 4177 de
2038 4123 2302 4180 vomeris
2347 4132 2524 4198 parte
2570 4131 2738 4176 ame·

665 4225 833 4283 tiore
880 4216 1369 4306 (Pstugkops),
1407 4226 1476 4285 in
1506 4241 1772 4286 acumen
1816 4236 1983 4286 acta.
2047 4222 2169 4286 boc
2199 4224 2448 4287 dentale
2490 4221 2738 4304 duplici
