3075 5114
1025 320 1148 394 m
1217 287 1818 391 GEORGICA
2309 309 2454 387 ρει

393 537 814 616 negamus,
893 526 986 584 vt
1024 534 1191 581 non
1239 503 1481 575 modo
1533 497 1961 572 verborum
2013 523 2116 570 ac
2148 493 2467 595 senten?

394 645 697 711 tiarum
768 640 942 711 vim
1028 628 1748 705 declarauerimus‚
1847 649 2130 695 verum
2221 627 2470 714 etiarn

394 766 774 838 carminis
803 755 1474 861 pulcritudinem,
1520 751 2030 849 inprimisque
2070 764 2471 826 ornatum,

373 887 722 991 sensibus
787 902 864 958 et
911 880 1163 956 oculis
1217 872 1816 970 adolescentum
1876 870 2472 971 subiecerimus,

397 1040 542 1087 nos
581 1034 917 1114 operam
961 999 1319 1104 nostram
1366 1024 1532 1071 non
1591 999 1917 1069 omnino
1971 996 2188 1069 male
2231 995 2474 1088 collo„-

405 1133 608 1238 caffe
650 1131 1125 1209 arbitraturi
1154 1121 1424 1221 simus.

600 1262 737 1334 Ex
778 1262 918 1338 iis,
1005 1276 1217 1353 quae
1252 1248 1522 1322 adhuc
1568 1245 1976 1344 disputata
2016 1239 2256 1339 sunt,
2334 1270 2478 1328 nu,-

294 1489 297 1492 -
393 1411 684 1490 peram
723 1378 1139 1479 censuram
1174 1374 1796 1471 Georgicorum,
1847 1393 2095 1466 quam
2119 1369 2482 1443 Edmun..

404 1513 558 1587 dus
594 1511 1032 1582 BurtonuS,
1084 1501 1522 1575 Britannus
1565 1517 1732 1565 non
1769 1494 2134 1564 indoctus
2173 1518 2321 1566 nec
2361 1498 2482 1567 in.-

406 1634 773 1735 elegans,
835 1622 1375 1729 proposuit*)‚
1464 1613 1570 1690 ab
1614 1617 1916 1688 iudicio
1960 1642 2260 1715 parum
2288 1617 2483 1714 sub.

408 1759 540 1833 tili
577 1775 655 1830 ec
712 1756 997 1829 limato
1054 1746 1512 1849 profectam
1552 1739 1820 1837 facile
1870 1738 2195 1820 videas,
2287 1744 2485 1816 dum.

409 1886 622 1958 hanc
657 1878 914 1983 ipsam
956 1875 1319 1973 copiam,
1395 1867 1609 1940 huno
1650 1878 2030 1936 ornatum
2069 1891 2335 1937 rerum
2379 1885 2487 1940 te-

410 2014 695 2084 nuium
721 2021 800 2077 et
835 2000 1209 2076 exilium,
1253 1994 1373 2066 ad
1413 1985 2080 2091 reprehensionem
2115 1996 2491 2066 carminis

410 2135 776 2207 traxerit.
911 2123 1069 2200 Sed
1107 2120 1392 2193 iudicii
1427 2116 1660 2188 huius
1699 2119 2267 2188 auctoritatem
2316 2120 2491 2190 iam

393 2259 605 2358 satis
657 2254 826 2327 alio
891 2248 1241 2322 eiusdem
1288 2245 1451 2314 viri
1521 2241 1746 2312 docti
1799 2244 2173 2311 acumine
2228 2240 2492 2313 eleua-

421 2401 598 2455 tam
660 2374 1070 2451 dabimus,
1199 2391 1384 2441 cum
1446 2366 1668 2436 idem
1736 2362 1877 2435 ille
1949 2366 2036 2435 in
2097 2366 2496 2440 Bucolicis

403 2506 818 2606 summam
870 2494 1473 2597 simplicitatem
1541 2506 1620 2562 et
1680 2487 2219 2561 humilitatem
2271 2495 2498 2565 vitae

424 2655 530 2704 ac
574 2650 888 2701 morum
924 2648 982 2695 a
1030 2617 1377 2720 Virgilio
1434 2609 1873 2715 expreffam
1916 2614 2212 2686 dixerit
2222 2643 2253 2703 ;
2337 2642 2497 2714 quo

424 2755 628 2858 quid
680 2777 738 2824 a
796 2771 1067 2822 rerum
1105 2742 1294 2845 fide
1341 2766 1443 2812 ao
1479 2736 1724 2835 sensu
1804 2737 2145 2809 alienius
2224 2734 2504 2839 afferri

418 2874 652 2981 poffit
675 2878 721 2947 τ’
819 2872 904 2949 A
947 2887 1262 2942 tumore
1315 2889 1417 2936 ac
1460 2862 1789 2964 frigore
1834 2880 1981 2935 aut
2035 2866 2297 2963 inepto
2353 2863 2504 2935 ali-

432 3027 591 3105 quo
633 2994 917 3099 studio
963 3019 1065 3066 ac
1112 2993 1373 3064 nimia
1406 2988 1857 3088 sedulitate
1916 2987 2319 3086 Georgica
2359 3013 2508 3060 va-

435 3152 625 3199 care
706 3118 1195 3221 confidenter
1245 3110 1676 3211 affirmem,
1772 3116 1914 3214 qui
1968 3110 2280 3212 alioqui
2342 3138 2512 3187 non

314 3326 319 3335 ,
433 3248 697 3324 multa
739 3271 868 3319 me
903 3259 1117 3317 certo
1154 3258 1421 3313 tenere
1464 3235 1873 3337 affirmare
1896 3234 2243 3334 soleam.

645 3358 1080 3469 'Georgica
1151 3366 1649 3439 Maecenatis
1706 3360 1964 3460 suasu
2028 3387 2131 3433 ae
2192 3342 2518 3458 consilio

419 3497 777 3600 scribere
804 3484 1224 3591 suscepiffe
1252 3505 1628 3589 poetam,
1680 3503 1772 3560 vt
1808 3487 2224 3563 hominum
2261 3493 2520 3563 animi

445 3626 565 3698 ad
606 3622 793 3722 agri
840 3615 1159 3695 colendi
1179 3611 1470 3712 studia
1514 3630 2126 3693 reuocarentur,
2198 3615 2526 3688 Britam

450 3770 742 3820 norum
784 3739 1392 3817 nonnullorum,
1458 3738 1881 3817 Wartoni,
1942 3734 2230 3834 Crusa',
2297 3742 2523 3811 Mar.

456 3872 647 3948 tini,
714 3867 1201 3967 elegantium
1242 3866 1641 3940 virorum,
1726 3859 1833 3961 ⁶st
1877 3867 2172 3964 opinio.
2269 3863 2526 3937 Italia

433 3994 651 4093 sane
711 3989 932 4063 bellis
1007 3985 1370 4061 ciuilibus
1408 4004 1754 4061 ·tantum
1819 4014 1985 4062 non
2052 3991 2139 4060 in
2209 3985 2530 4086 vastam

437 4118 975 4229 solitudinem
1018 4130 1193 4187 erat
1224 4112 1560 4185 redacta
1573 4140 1606 4200 ,·
1655 4118 2044 4195 veterani,
2098 4117 2302 4186 inter
2336 4139 2537 4215 quos

528 4271 583 4336 ⁴)
619 4272 878 4325 Ancieut
909 4268 1233 4324 charactere
1262 4265 1515 4323 dednc’d
1533 4266 1703 4339 from
1731 4266 1989 4343 claffical
2009 4270 2277 4325 nemaeus
2306 4269 2453 4336 1763,
2481 4270 2534 4322 8.
2614 4322 2622 4329 ,
